timestamp,best_ask,best_bid,ltp
2025-06-20T14:02:03.207,15409586.0,15401139.0,15404069.0
2025-06-20T14:02:04.49,15409577.0,15401140.0,15404069.0
2025-06-20T14:02:06.273,15409572.0,15401101.0,15404069.0
2025-06-20T14:02:08.473,15409557.0,15401117.0,15404069.0
2025-06-20T14:02:10.667,15409548.0,15401153.0,15404069.0
2025-06-20T14:02:12.96,15409596.0,15401229.0,15404069.0
2025-06-20T14:02:15.09,15409592.0,15401337.0,15404069.0
2025-06-20T14:02:16.833,15409596.0,15401372.0,15404069.0
2025-06-20T14:02:18.953,15409591.0,15401441.0,15404069.0
2025-06-20T14:02:20.967,15409578.0,15401410.0,15404069.0
2025-06-20T14:02:23.01,15412000.0,15405757.0,15409574.0
2025-06-20T14:02:25.013,15416059.0,15405846.0,15412000.0
2025-06-20T14:02:27.037,15416058.0,15407352.0,15412000.0
2025-06-20T14:02:28.557,15416057.0,15407938.0,15412000.0
2025-06-20T14:02:31.05,15416056.0,15408082.0,15412000.0
2025-06-20T14:02:32.683,15416055.0,15408084.0,15412000.0
2025-06-20T14:02:34.253,15416054.0,15408108.0,15412000.0
2025-06-20T14:02:36.927,15416053.0,15408117.0,15416054.0
2025-06-20T14:02:38.273,15417999.0,15408129.0,15416053.0
2025-06-20T14:02:41.027,15418000.0,15413101.0,15416053.0
2025-06-20T14:02:42.747,15418000.0,15413234.0,15416053.0
2025-06-20T14:02:44.403,15418000.0,15413242.0,15416053.0
2025-06-20T14:02:46.137,15418000.0,15413216.0,15416053.0
2025-06-20T14:02:48.737,15420000.0,15415116.0,15418000.0
2025-06-20T14:02:50.71,15420000.0,15414893.0,15418000.0
2025-06-20T14:02:52.403,15423056.0,15415500.0,15422230.0
2025-06-20T14:02:54.81,15424799.0,15416703.0,15422230.0
2025-06-20T14:02:57.11,15425000.0,15416727.0,15422230.0
2025-06-20T14:02:58.88,15425000.0,15416724.0,15422230.0
2025-06-20T14:03:00.843,15425000.0,15416744.0,15422230.0
2025-06-20T14:03:02.337,15424999.0,15416751.0,15422230.0
2025-06-20T14:03:04.997,15424197.0,15414500.0,15422230.0
2025-06-20T14:03:07.067,15422298.0,15414500.0,15422230.0
2025-06-20T14:03:08.327,15422266.0,15414500.0,15422230.0
2025-06-20T14:03:10.64,15421396.0,15414500.0,15422230.0
2025-06-20T14:03:12.903,15421400.0,15411648.0,15421378.0
2025-06-20T14:03:14.697,15421400.0,15411672.0,15421378.0
2025-06-20T14:03:16.01,15423600.0,15414973.0,15413500.0
2025-06-20T14:03:18.963,15423600.0,15415815.0,15415815.0
2025-06-20T14:03:20.33,15423599.0,15415976.0,15415815.0
2025-06-20T14:03:22.34,15425000.0,15416718.0,15416717.0
2025-06-20T14:03:24.033,15425000.0,15417019.0,15416717.0
2025-06-20T14:03:26.087,15427566.0,15417800.0,15427566.0
2025-06-20T14:03:28.597,15423453.0,15417044.0,15427566.0
2025-06-20T14:03:30.503,15422399.0,15411603.0,15427566.0
2025-06-20T14:03:32.19,15421584.0,15411616.0,15422377.0
2025-06-20T14:03:35.047,15421579.0,15411604.0,15422377.0
2025-06-20T14:03:36.967,15421576.0,15411604.0,15421576.0
2025-06-20T14:03:38.157,15421769.0,15412100.0,15421576.0
2025-06-20T14:03:40.703,15421769.0,15412116.0,15421576.0
2025-06-20T14:03:42.263,15421600.0,15412304.0,15422100.0
2025-06-20T14:03:44.833,15421800.0,15412876.0,15422100.0
2025-06-20T14:03:46.93,15422400.0,15414701.0,15421200.0
2025-06-20T14:03:48.083,15422900.0,15415101.0,15421200.0
2025-06-20T14:03:50.613,15422200.0,15415317.0,15421200.0
2025-06-20T14:03:52.187,15423200.0,15421199.0,15421200.0
2025-06-20T14:03:54.307,15423200.0,15421199.0,15421200.0
2025-06-20T14:03:56.85,15426901.0,15416905.0,15421200.0
2025-06-20T14:03:58.61,15426900.0,15417536.0,15421200.0
2025-06-20T14:04:01.287,15426898.0,15417900.0,15421200.0
2025-06-20T14:04:02.7,15426600.0,15418800.0,15421200.0
2025-06-20T14:04:04.04,15426599.0,15418818.0,15421200.0
2025-06-20T14:04:06.793,15427567.0,15420700.0,15421200.0
2025-06-20T14:04:09.283,15427567.0,15421016.0,15421200.0
2025-06-20T14:04:10.42,15427567.0,15422700.0,15421200.0
2025-06-20T14:04:12.417,15427567.0,15423736.0,15421200.0
2025-06-20T14:04:14.653,15427567.0,15424100.0,15423739.0
2025-06-20T14:04:16.43,15427567.0,15424109.0,15423739.0
2025-06-20T14:04:18.683,15424113.0,15421334.0,15423739.0
2025-06-20T14:04:20.137,15427567.0,15422803.0,15424113.0
2025-06-20T14:04:22.563,15427567.0,15421458.0,15424113.0
2025-06-20T14:04:24.803,15430000.0,15424450.0,15430000.0
2025-06-20T14:04:26.823,15430000.0,15424935.0,15430000.0
2025-06-20T14:04:28.85,15430000.0,15424947.0,15430000.0
2025-06-20T14:04:30.833,15430000.0,15424908.0,15430000.0
2025-06-20T14:04:32.66,15429466.0,15421800.0,15429500.0
2025-06-20T14:04:34.67,15428209.0,15421803.0,15429500.0
2025-06-20T14:04:36.96,15428119.0,15421803.0,15428209.0
2025-06-20T14:04:38.053,15427966.0,15421803.0,15428209.0
2025-06-20T14:04:40.35,15427965.0,15421803.0,15428209.0
2025-06-20T14:04:42.403,15428000.0,15420095.0,15428209.0
2025-06-20T14:04:44.417,15428000.0,15420082.0,15428209.0
2025-06-20T14:04:47.133,15428000.0,15420204.0,15427999.0
2025-06-20T14:04:48.303,15427999.0,15420200.0,15427999.0
2025-06-20T14:04:51.4,15427999.0,15420300.0,15427999.0
2025-06-20T14:04:52.42,15430000.0,15421503.0,15427999.0
2025-06-20T14:04:53.953,15429999.0,15421938.0,15427999.0
2025-06-20T14:04:57.133,15429999.0,15421981.0,15427999.0
2025-06-20T14:04:59.463,15429999.0,15421994.0,15427999.0
2025-06-20T14:05:00.677,15429900.0,15422103.0,15427999.0
2025-06-20T14:05:02.523,15428000.0,15419903.0,15427999.0
2025-06-20T14:05:04.42,15427799.0,15419647.0,15427999.0
2025-06-20T14:05:06.757,15427778.0,15418334.0,15417504.0
2025-06-20T14:05:08.79,15427776.0,15418369.0,15417504.0
2025-06-20T14:05:10.693,15429000.0,15418559.0,15418370.0
2025-06-20T14:05:12.7,15428000.0,15419934.0,15419900.0
2025-06-20T14:05:14.347,15427799.0,15419943.0,15419900.0
2025-06-20T14:05:16.797,15427796.0,15419983.0,15419900.0
2025-06-20T14:05:18.44,15427788.0,15419988.0,15419997.0
2025-06-20T14:05:20.357,15427787.0,15420038.0,15419997.0
2025-06-20T14:05:22.61,15427797.0,15420098.0,15419997.0
2025-06-20T14:05:25.047,15429299.0,15420905.0,15419997.0
2025-06-20T14:05:26.897,15429284.0,15420910.0,15420911.0
2025-06-20T14:05:28.973,15429186.0,15420927.0,15420911.0
2025-06-20T14:05:30.81,15429173.0,15421118.0,15420911.0
2025-06-20T14:05:32.997,15429997.0,15421857.0,15420911.0
2025-06-20T14:05:34.34,15429997.0,15422275.0,15420911.0
2025-06-20T14:05:37.203,15429997.0,15423583.0,15423400.0
2025-06-20T14:05:39.107,15429997.0,15423622.0,15423400.0
2025-06-20T14:05:40.253,15429997.0,15423649.0,15423623.0
2025-06-20T14:05:43.39,15429997.0,15424601.0,15423623.0
2025-06-20T14:05:44.367,15429997.0,15424618.0,15424617.0
2025-06-20T14:05:46.463,15430000.0,15424675.0,15430000.0
2025-06-20T14:05:48.637,15430000.0,15425032.0,15430000.0
2025-06-20T14:05:50.927,15430000.0,15425218.0,15430000.0
2025-06-20T14:05:53.247,15429999.0,15425202.0,15430000.0
2025-06-20T14:05:54.883,15429433.0,15420088.0,15425202.0
2025-06-20T14:05:56.46,15426667.0,15420088.0,15425202.0
2025-06-20T14:05:58.937,15426292.0,15420088.0,15425202.0
2025-06-20T14:06:01.083,15426031.0,15417491.0,15425202.0
2025-06-20T14:06:03.73,15423684.0,15414132.0,15425202.0
2025-06-20T14:06:05.257,15423307.0,15414133.0,15420000.0
2025-06-20T14:06:07.297,15422594.0,15411601.0,15420000.0
2025-06-20T14:06:09.773,15421396.0,15412106.0,15420000.0
2025-06-20T14:06:11.527,15421388.0,15413236.0,15420000.0
2025-06-20T14:06:13.547,15421400.0,15413398.0,15420000.0
2025-06-20T14:06:15.553,15422400.0,15413601.0,15420000.0
2025-06-20T14:06:18.07,15428800.0,15419500.0,15420000.0
2025-06-20T14:06:19.8,15428800.0,15420400.0,15420000.0
2025-06-20T14:06:21.873,15428800.0,15420452.0,15420000.0
2025-06-20T14:06:23.957,15428800.0,15420459.0,15420459.0
2025-06-20T14:06:25.923,15428675.0,15420486.0,15420459.0
2025-06-20T14:06:27.24,15427369.0,15419700.0,15420459.0
2025-06-20T14:06:29.163,15425199.0,15415400.0,15420459.0
2025-06-20T14:06:32.083,15425067.0,15415679.0,15420459.0
2025-06-20T14:06:33.147,15425060.0,15415400.0,15420459.0
2025-06-20T14:06:35.26,15424961.0,15415400.0,15420459.0
2025-06-20T14:06:37.333,15424780.0,15414050.0,15420459.0
2025-06-20T14:06:39.793,15423399.0,15413800.0,15420459.0
2025-06-20T14:06:41.363,15423397.0,15413923.0,15420459.0
2025-06-20T14:06:43.563,15424700.0,15416655.0,15420459.0
2025-06-20T14:06:45.527,15424700.0,15416815.0,15416660.0
2025-06-20T14:06:47.377,15424700.0,15416836.0,15416830.0
2025-06-20T14:06:48.967,15424700.0,15416856.0,15416830.0
2025-06-20T14:06:51.977,15425987.0,15416501.0,15416876.0
2025-06-20T14:06:53.917,15425099.0,15415800.0,15416876.0
2025-06-20T14:06:55.497,15425100.0,15415989.0,15416876.0
2025-06-20T14:06:57.023,15425500.0,15418800.0,15416876.0
2025-06-20T14:06:59.073,15425190.0,15418725.0,15416876.0
2025-06-20T14:07:01.283,15425163.0,15414975.0,15418725.0
2025-06-20T14:07:03.133,15424184.0,15414463.0,15418725.0
2025-06-20T14:07:05.153,15424086.0,15414463.0,15418725.0
2025-06-20T14:07:07.93,15419660.0,15410948.0,15418725.0
2025-06-20T14:07:09.51,15418893.0,15410948.0,15418725.0
2025-06-20T14:07:11.733,15418819.0,15408776.0,15410948.0
2025-06-20T14:07:14.333,15418809.0,15408776.0,15410948.0
2025-06-20T14:07:15.46,15418400.0,15408776.0,15410948.0
2025-06-20T14:07:17.84,15418388.0,15410315.0,15410948.0
2025-06-20T14:07:19.173,15418600.0,15410656.0,15410948.0
2025-06-20T14:07:21.353,15418588.0,15411602.0,15410948.0
2025-06-20T14:07:23.667,15420495.0,15411616.0,15411607.0
2025-06-20T14:07:25.58,15421088.0,15411764.0,15411607.0
2025-06-20T14:07:28.227,15420400.0,15412600.0,15411764.0
2025-06-20T14:07:29.153,15420394.0,15412600.0,15411764.0
2025-06-20T14:07:32,15414546.0,15410315.0,15412277.0
2025-06-20T14:07:33.087,15414990.0,15410315.0,15412277.0
2025-06-20T14:07:35.133,15414980.0,15409641.0,15412277.0
2025-06-20T14:07:37.517,15416219.0,15408641.0,15412277.0
2025-06-20T14:07:39.167,15416212.0,15408641.0,15412277.0
2025-06-20T14:07:42.507,15417459.0,15411762.0,15412277.0
2025-06-20T14:07:43.69,15417450.0,15413301.0,15418500.0
2025-06-20T14:07:45.827,15417600.0,15411164.0,15417438.0
2025-06-20T14:07:47.73,15417600.0,15410117.0,15417438.0
2025-06-20T14:07:49.567,15416299.0,15409801.0,15417438.0
2025-06-20T14:07:51.727,15415500.0,15408641.0,15416299.0
2025-06-20T14:07:53.38,15416089.0,15409201.0,15416299.0
2025-06-20T14:07:55.733,15415389.0,15408511.0,15415400.0
2025-06-20T14:07:57.417,15414097.0,15407078.0,15415400.0
2025-06-20T14:07:59.933,15414061.0,15407078.0,15415400.0
2025-06-20T14:09:26.673,15412566.0,15404126.0,15404700.0
2025-06-20T14:09:29.313,15410600.0,15404401.0,15404700.0
2025-06-20T14:09:30.167,15410600.0,15405939.0,15404700.0
2025-06-20T14:09:33.13,15410600.0,15406004.0,15404700.0
2025-06-20T14:09:34.337,15410599.0,15404401.0,15406004.0
2025-06-20T14:09:36.23,15410197.0,15405001.0,15406004.0
2025-06-20T14:09:38.187,15410597.0,15405040.0,15406004.0
2025-06-20T14:09:40.807,15411900.0,15405047.0,15400863.0
2025-06-20T14:09:42.54,15411197.0,15405048.0,15405048.0
2025-06-20T14:09:44.19,15410399.0,15405048.0,15405048.0
2025-06-20T14:09:46.917,15411200.0,15406588.0,15405048.0
2025-06-20T14:09:48.61,15411189.0,15406588.0,15406588.0
2025-06-20T14:09:50.14,15412500.0,15406588.0,15412500.0
2025-06-20T14:09:53.157,15415000.0,15408504.0,15416600.0
2025-06-20T14:09:54.347,15414766.0,15404457.0,15416600.0
2025-06-20T14:09:57.247,15413896.0,15403074.0,15416600.0
2025-06-20T14:09:59.413,15411661.0,15400001.0,15416600.0
2025-06-20T14:10:00.087,15411627.0,15401539.0,15416600.0
2025-06-20T14:10:02.43,15406019.0,15400000.0,15411199.0
2025-06-20T14:10:04.497,15402142.0,15395405.0,15400000.0
2025-06-20T14:10:06.397,15401881.0,15395005.0,15400000.0
2025-06-20T14:10:09.477,15401843.0,15395005.0,15400000.0
2025-06-20T14:10:10.987,15401834.0,15395005.0,15400000.0
2025-06-20T14:10:12.717,15401899.0,15395005.0,15400000.0
2025-06-20T14:10:14.703,15401884.0,15395005.0,15400000.0
2025-06-20T14:10:16.69,15401848.0,15395005.0,15400000.0
2025-06-20T14:10:18.683,15401884.0,15395005.0,15400000.0
2025-06-20T14:10:20.383,15401900.0,15395005.0,15400000.0
2025-06-20T14:10:22.233,15401900.0,15395005.0,15400000.0
2025-06-20T14:10:24.777,15401900.0,15395005.0,15400000.0
2025-06-20T14:10:27.143,15401849.0,15395005.0,15400000.0
2025-06-20T14:10:28.34,15401814.0,15395005.0,15400000.0
2025-06-20T14:10:30.593,15401900.0,15395005.0,15400000.0
2025-06-20T14:10:32.67,15399999.0,15395005.0,15400000.0
2025-06-20T14:10:34.603,15399899.0,15395005.0,15399900.0
2025-06-20T14:10:37.233,15399881.0,15395005.0,15399900.0
2025-06-20T14:10:39.353,15391919.0,15390000.0,15395005.0
2025-06-20T14:10:41.107,15391915.0,15384657.0,15384800.0
2025-06-20T14:10:42.493,15394663.0,15385200.0,15384800.0
2025-06-20T14:10:45.317,15394399.0,15385201.0,15384800.0
2025-06-20T14:10:46.593,15394499.0,15393600.0,15394658.0
2025-06-20T14:10:48.81,15394460.0,15382168.0,15393600.0
2025-06-20T14:10:50.553,15393600.0,15382170.0,15393600.0
2025-06-20T14:10:53.037,15391994.0,15382171.0,15393600.0
2025-06-20T14:10:54.623,15391975.0,15382172.0,15382172.0
2025-06-20T14:10:56.627,15391974.0,15382500.0,15382172.0
2025-06-20T14:10:58.777,15392702.0,15384200.0,15382172.0
2025-06-20T14:11:00.707,15394278.0,15387498.0,15382172.0
2025-06-20T14:11:03,15396800.0,15387800.0,15394700.0
2025-06-20T14:11:04.507,15398900.0,15389300.0,15394700.0
2025-06-20T14:11:06.98,15400000.0,15389312.0,15394700.0
2025-06-20T14:11:08.98,15400000.0,15389642.0,15394700.0
2025-06-20T14:11:11.213,15402832.0,15392201.0,15401621.0
2025-06-20T14:11:12.487,15401399.0,15392529.0,15401621.0
2025-06-20T14:11:16,15402800.0,15394403.0,15401621.0
2025-06-20T14:11:16.533,15402784.0,15394409.0,15401621.0
2025-06-20T14:11:18.913,15402778.0,15394417.0,15401621.0
2025-06-20T14:11:21.173,15402784.0,15394421.0,15401621.0
2025-06-20T14:11:22.17,15402782.0,15394422.0,15401621.0
2025-06-20T14:11:25.09,15400019.0,15387535.0,15401621.0
2025-06-20T14:11:26.777,15395850.0,15387601.0,15401621.0
2025-06-20T14:11:28.567,15394553.0,15385350.0,15401621.0
2025-06-20T14:11:30.987,15393725.0,15385350.0,15401621.0
2025-06-20T14:11:33.117,15392000.0,15381841.0,15385350.0
2025-06-20T14:11:35.18,15391781.0,15381843.0,15385350.0
2025-06-20T14:11:36.153,15391775.0,15382400.0,15385350.0
2025-06-20T14:11:38.77,15391764.0,15382407.0,15385350.0
2025-06-20T14:11:41.33,15389169.0,15382418.0,15385350.0
2025-06-20T14:11:42.983,15388696.0,15382401.0,15385350.0
2025-06-20T14:11:43.973,15387405.0,15381000.0,15385350.0
2025-06-20T14:11:47.38,15387278.0,15381000.0,15385350.0
2025-06-20T14:11:48.187,15386700.0,15380001.0,15381000.0
2025-06-20T14:11:50.43,15386648.0,15380001.0,15380001.0
2025-06-20T14:11:53.51,15386399.0,15380000.0,15380001.0
2025-06-20T14:11:55.477,15390811.0,15380200.0,15380001.0
2025-06-20T14:11:56.583,15390810.0,15380226.0,15380001.0
2025-06-20T14:11:58.58,15392500.0,15381705.0,15380001.0
2025-06-20T14:12:00.623,15392497.0,15382473.0,15382458.0
2025-06-20T14:12:02.723,15392423.0,15383100.0,15382458.0
2025-06-20T14:12:04.103,15390402.0,15383151.0,15382458.0
2025-06-20T14:12:06.89,15389898.0,15383154.0,15383154.0
2025-06-20T14:12:08.683,15389926.0,15383155.0,15383154.0
2025-06-20T14:12:11.007,15392950.0,15383157.0,15383156.0
2025-06-20T14:12:12.797,15392681.0,15384694.0,15383156.0
2025-06-20T14:12:13.997,15392674.0,15384694.0,15383156.0
2025-06-20T14:12:16.913,15396100.0,15385309.0,15392696.0
2025-06-20T14:12:18.403,15396100.0,15385309.0,15392696.0
2025-06-20T14:12:20.74,15396100.0,15386207.0,15392696.0
2025-06-20T14:12:22.143,15396099.0,15386211.0,15392696.0
2025-06-20T14:12:24.03,15396099.0,15386211.0,15392696.0
2025-06-20T14:12:26.85,15396099.0,15386221.0,15392696.0
2025-06-20T14:12:29.023,15395899.0,15386607.0,15395899.0
2025-06-20T14:12:31.553,15396098.0,15386803.0,15395899.0
2025-06-20T14:12:32.737,15396095.0,15386803.0,15395899.0
2025-06-20T14:12:34.863,15396090.0,15386800.0,15395899.0
2025-06-20T14:12:37.077,15395899.0,15387500.0,15395899.0
2025-06-20T14:12:38.61,15395899.0,15387907.0,15395899.0
2025-06-20T14:12:41.03,15398997.0,15392241.0,15395899.0
2025-06-20T14:12:42.667,15398994.0,15392241.0,15395899.0
2025-06-20T14:12:45.227,15398978.0,15392241.0,15395899.0
2025-06-20T14:12:46.213,15398977.0,15392241.0,15395899.0
2025-06-20T14:12:49.317,15403300.0,15393778.0,15402200.0
2025-06-20T14:12:50.353,15403300.0,15393785.0,15403300.0
2025-06-20T14:12:53.01,15403300.0,15393997.0,15403300.0
2025-06-20T14:12:55.45,15406299.0,15396759.0,15403300.0
2025-06-20T14:12:57.57,15407535.0,15397500.0,15400000.0
2025-06-20T14:12:59.777,15407535.0,15397934.0,15400000.0
2025-06-20T14:13:01.963,15407532.0,15397976.0,15400000.0
2025-06-20T14:13:03.8,15408761.0,15399504.0,15400000.0
2025-06-20T14:13:05.953,15408100.0,15400004.0,15400000.0
2025-06-20T14:13:07.68,15409100.0,15400600.0,15400004.0
2025-06-20T14:13:09.717,15409100.0,15400829.0,15400004.0
2025-06-20T14:13:11.03,15409100.0,15400988.0,15400004.0
2025-06-20T14:13:13.18,15409097.0,15401150.0,15400994.0
2025-06-20T14:13:15.38,15408900.0,15400800.0,15400994.0
2025-06-20T14:13:17.58,15408885.0,15400800.0,15400994.0
2025-06-20T14:13:19.987,15405900.0,15396501.0,15400994.0
2025-06-20T14:13:21.43,15400991.0,15396501.0,15400994.0
2025-06-20T14:13:23.793,15400994.0,15396200.0,15400991.0
2025-06-20T14:13:25.073,15400985.0,15396200.0,15400991.0
2025-06-20T14:13:27.847,15400969.0,15396100.0,15400991.0
2025-06-20T14:13:29.047,15400798.0,15396103.0,15400988.0
2025-06-20T14:13:31.273,15400799.0,15396103.0,15400988.0
2025-06-20T14:13:33.463,15400792.0,15396103.0,15400988.0
2025-06-20T14:13:35.29,15400994.0,15400795.0,15400988.0
2025-06-20T14:13:37.36,15400994.0,15400795.0,15400988.0
2025-06-20T14:13:39.357,15400994.0,15396119.0,15400988.0
2025-06-20T14:13:41.567,15400000.0,15397663.0,15400988.0
2025-06-20T14:13:43.39,15400994.0,15397669.0,15400000.0
2025-06-20T14:13:45.88,15400994.0,15397810.0,15400000.0
2025-06-20T14:13:47.587,15400994.0,15397807.0,15400000.0
2025-06-20T14:13:49.653,15405499.0,15397957.0,15400994.0
2025-06-20T14:13:51.85,15405599.0,15399504.0,15400994.0
2025-06-20T14:13:53.807,15407184.0,15399103.0,15400994.0
2025-06-20T14:13:56.007,15407148.0,15397800.0,15400994.0
2025-06-20T14:13:57.987,15403000.0,15396103.0,15400994.0
2025-06-20T14:13:59.503,15401547.0,15396100.0,15397806.0
2025-06-20T14:14:01.29,15401387.0,15396100.0,15396100.0
2025-06-20T14:14:03.717,15399428.0,15395000.0,15396100.0
2025-06-20T14:14:05.133,15403557.0,15395000.0,15396100.0
2025-06-20T14:14:07.8,15396097.0,15395000.0,15396100.0
2025-06-20T14:14:09.95,15400581.0,15395000.0,15396100.0
2025-06-20T14:14:11.303,15400579.0,15395000.0,15396100.0
2025-06-20T14:14:13.6,15400576.0,15395000.0,15396100.0
2025-06-20T14:14:15.657,15400574.0,15395000.0,15396100.0
2025-06-20T14:14:17.65,15400573.0,15395000.0,15396100.0
2025-06-20T14:14:19.76,15401729.0,15395004.0,15396100.0
2025-06-20T14:14:21.403,15401728.0,15397864.0,15396100.0
2025-06-20T14:14:24.04,15401723.0,15396541.0,15396538.0
2025-06-20T14:14:25.13,15401720.0,15395000.0,15396538.0
2025-06-20T14:14:27.073,15401683.0,15395000.0,15396538.0
2025-06-20T14:14:29.553,15399720.0,15395000.0,15396538.0
2025-06-20T14:14:31.19,15398660.0,15395000.0,15396538.0
2025-06-20T14:14:33.51,15398847.0,15395000.0,15396538.0
2025-06-20T14:14:35.667,15397665.0,15395000.0,15396538.0
2025-06-20T14:14:37.7,15397664.0,15395000.0,15396538.0
2025-06-20T14:14:39.863,15397664.0,15395000.0,15396538.0
2025-06-20T14:14:41.66,15397664.0,15395000.0,15396538.0
2025-06-20T14:14:42.97,15396537.0,15395000.0,15396538.0
2025-06-20T14:14:45.987,15396529.0,15395000.0,15396533.0
2025-06-20T14:14:46.963,15396537.0,15392014.0,15392013.0
2025-06-20T14:14:49.193,15396538.0,15392014.0,15392013.0
2025-06-20T14:14:51.64,15396538.0,15392030.0,15392013.0
2025-06-20T14:14:53.187,15396538.0,15392032.0,15392013.0
2025-06-20T14:14:55.69,15396538.0,15392013.0,15392032.0
2025-06-20T14:14:57.45,15396537.0,15392013.0,15392032.0
2025-06-20T14:14:59.397,15396534.0,15390451.0,15392032.0
2025-06-20T14:15:01.48,15396531.0,15389800.0,15392032.0
2025-06-20T14:15:03.193,15396424.0,15389800.0,15392032.0
2025-06-20T14:15:05.697,15396418.0,15388539.0,15392032.0
2025-06-20T14:15:07.653,15396538.0,15389105.0,15392032.0
2025-06-20T14:15:09.273,15396538.0,15390407.0,15392032.0
2025-06-20T14:15:11.653,15396538.0,15390418.0,15392032.0
2025-06-20T14:15:13.163,15396538.0,15390416.0,15392032.0
2025-06-20T14:15:15.773,15394855.0,15385775.0,15392032.0
2025-06-20T14:15:17.27,15394852.0,15385576.0,15392032.0
2025-06-20T14:15:19.227,15394491.0,15384701.0,15392032.0
2025-06-20T14:15:21.81,15394471.0,15384701.0,15392032.0
2025-06-20T14:15:24.14,15397465.0,15387815.0,15392032.0
2025-06-20T14:15:25.27,15398200.0,15391700.0,15392032.0
2025-06-20T14:15:27.167,15400000.0,15392500.0,15392032.0
2025-06-20T14:15:29.837,15399999.0,15393200.0,15393201.0
2025-06-20T14:15:31.753,15399995.0,15393505.0,15393503.0
2025-06-20T14:15:33.333,15399985.0,15393510.0,15393503.0
2025-06-20T14:15:35.59,15399997.0,15393500.0,15393505.0
2025-06-20T14:15:37.53,15399997.0,15393501.0,15393505.0
2025-06-20T14:15:39.333,15399992.0,15392032.0,15393505.0
2025-06-20T14:15:41.83,15395031.0,15392032.0,15393505.0
2025-06-20T14:15:43.533,15395022.0,15392032.0,15393505.0
2025-06-20T14:15:45.46,15399700.0,15392800.0,15393505.0
2025-06-20T14:15:47.65,15399697.0,15392902.0,15393505.0
2025-06-20T14:15:49.013,15399697.0,15393057.0,15393505.0
2025-06-20T14:15:51.723,15399997.0,15393216.0,15393505.0
2025-06-20T14:15:53.647,15399997.0,15395100.0,15393505.0
2025-06-20T14:15:55.407,15399997.0,15395203.0,15393505.0
2025-06-20T14:15:57.27,15404000.0,15400000.0,15404000.0
2025-06-20T14:15:59.753,15404000.0,15399030.0,15404000.0
2025-06-20T14:16:01.913,15404000.0,15402171.0,15404000.0
2025-06-20T14:16:03.133,15406924.0,15402174.0,15402171.0
2025-06-20T14:16:05.503,15403685.0,15397200.0,15402171.0
2025-06-20T14:16:07.233,15405600.0,15397500.0,15402171.0
2025-06-20T14:16:09.127,15405600.0,15399300.0,15402171.0
2025-06-20T14:16:11.61,15400000.0,15399304.0,15402171.0
2025-06-20T14:16:13.717,15405600.0,15399400.0,15400000.0
2025-06-20T14:16:15.77,15405600.0,15399411.0,15400000.0
2025-06-20T14:16:17.733,15407620.0,15399704.0,15400000.0
2025-06-20T14:16:19.687,15407614.0,15399703.0,15400000.0
2025-06-20T14:16:21.723,15406984.0,15400309.0,15400000.0
2025-06-20T14:16:24.05,15404764.0,15398438.0,15400000.0
2025-06-20T14:16:25.147,15404724.0,15398438.0,15400000.0
2025-06-20T14:16:27.96,15399998.0,15393505.0,15398441.0
2025-06-20T14:16:29.437,15399990.0,15393505.0,15398441.0
2025-06-20T14:16:31.293,15399985.0,15393505.0,15398441.0
2025-06-20T14:16:33.127,15399977.0,15393659.0,15398441.0
2025-06-20T14:16:35.27,15399964.0,15393814.0,15398441.0
2025-06-20T14:16:37.58,15403211.0,15394600.0,15398441.0
2025-06-20T14:16:39.563,15403185.0,15393505.0,15398441.0
2025-06-20T14:16:41.73,15400564.0,15393505.0,15398441.0
2025-06-20T14:16:43.207,15400558.0,15393505.0,15398441.0
2025-06-20T14:16:45.873,15400525.0,15393505.0,15398441.0
2025-06-20T14:16:47.753,15400483.0,15393505.0,15398441.0
2025-06-20T14:16:49.407,15400547.0,15392401.0,15398441.0
2025-06-20T14:16:51.553,15397073.0,15392032.0,15398441.0
2025-06-20T14:16:54.01,15396541.0,15392033.0,15392033.0
2025-06-20T14:16:55.657,15401530.0,15392034.0,15392033.0
2025-06-20T14:16:57.16,15401511.0,15392202.0,15392033.0
2025-06-20T14:16:59.917,15401462.0,15392360.0,15392033.0
2025-06-20T14:17:01.4,15401453.0,15393103.0,15393101.0
2025-06-20T14:17:03.467,15396582.0,15392032.0,15393101.0
2025-06-20T14:17:05.03,15396541.0,15392032.0,15393101.0
2025-06-20T14:17:07.563,15393485.0,15388701.0,15393485.0
2025-06-20T14:17:09.7,15393461.0,15385335.0,15393462.0
2025-06-20T14:17:12.133,15393450.0,15385001.0,15393462.0
2025-06-20T14:17:14.257,15388511.0,15383750.0,15384700.0
2025-06-20T14:17:15.35,15386702.0,15383205.0,15384700.0
2025-06-20T14:17:18.057,15390175.0,15383205.0,15384700.0
2025-06-20T14:17:19.547,15390208.0,15383205.0,15384700.0
2025-06-20T14:17:21.223,15390033.0,15383806.0,15384700.0
2025-06-20T14:17:23.607,15392521.0,15385360.0,15385344.0
2025-06-20T14:17:25.887,15390498.0,15384462.0,15385344.0
2025-06-20T14:17:28.537,15390475.0,15382289.0,15385344.0
2025-06-20T14:17:30.433,15390498.0,15382291.0,15385344.0
2025-06-20T14:17:31.653,15390463.0,15382501.0,15385344.0
2025-06-20T14:17:34.207,15390458.0,15382508.0,15385344.0
2025-06-20T14:17:35.673,15390498.0,15382510.0,15385344.0
2025-06-20T14:17:37.26,15390437.0,15382501.0,15385344.0
2025-06-20T14:17:40.027,15390428.0,15386630.0,15385344.0
2025-06-20T14:17:42.14,15390426.0,15384587.0,15385344.0
2025-06-20T14:17:43.217,15390425.0,15383394.0,15385344.0
2025-06-20T14:17:44.983,15390423.0,15383402.0,15385344.0
2025-06-20T14:17:47.323,15390413.0,15383406.0,15385344.0
2025-06-20T14:17:49.43,15393874.0,15385200.0,15385344.0
2025-06-20T14:17:51.227,15393873.0,15386004.0,15385344.0
2025-06-20T14:17:54.497,15386007.0,15383907.0,15385344.0
2025-06-20T14:17:55.58,15386004.0,15381300.0,15385344.0
2025-06-20T14:17:58.033,15386004.0,15381301.0,15385344.0
2025-06-20T14:17:59.403,15386004.0,15381301.0,15385344.0
2025-06-20T14:18:01.02,15387931.0,15381304.0,15385344.0
2025-06-20T14:18:04.283,15387931.0,15381313.0,15385344.0
2025-06-20T14:18:05.837,15391309.0,15381804.0,15385344.0
2025-06-20T14:18:08.31,15391740.0,15383345.0,15385344.0
2025-06-20T14:18:09.277,15391739.0,15383703.0,15385344.0
2025-06-20T14:18:11.523,15391724.0,15383715.0,15385344.0
2025-06-20T14:18:13.743,15391739.0,15383723.0,15385344.0
2025-06-20T14:18:15.277,15392976.0,15383882.0,15385344.0
2025-06-20T14:18:17.963,15392975.0,15384933.0,15385344.0
2025-06-20T14:18:19.493,15394277.0,15385108.0,15384905.0
2025-06-20T14:18:21.067,15392158.0,15385268.0,15384905.0
2025-06-20T14:18:22.997,15385259.0,15382235.0,15384905.0
2025-06-20T14:18:25.873,15389113.0,15383403.0,15389114.0
2025-06-20T14:18:27.867,15394215.0,15385500.0,15389114.0
2025-06-20T14:18:29.263,15394499.0,15385658.0,15389114.0
2025-06-20T14:18:31.377,15393746.0,15385665.0,15389114.0
2025-06-20T14:18:33.713,15393675.0,15385673.0,15389114.0
2025-06-20T14:18:35.933,15393747.0,15385684.0,15389114.0
2025-06-20T14:18:37.413,15393747.0,15385689.0,15389114.0
2025-06-20T14:18:39.05,15395781.0,15386201.0,15389114.0
2025-06-20T14:18:42.143,15397064.0,15387325.0,15389114.0
2025-06-20T14:18:43.073,15397063.0,15387329.0,15389114.0
2025-06-20T14:18:45.2,15397063.0,15387355.0,15389114.0
2025-06-20T14:18:47.03,15397064.0,15387384.0,15389114.0
2025-06-20T14:18:49.443,15397064.0,15387710.0,15389114.0
2025-06-20T14:18:51.163,15396970.0,15387838.0,15389114.0
2025-06-20T14:18:53.53,15392775.0,15388760.0,15389114.0
2025-06-20T14:18:55.403,15392201.0,15386239.0,15389114.0
2025-06-20T14:18:57.333,15392204.0,15386906.0,15389114.0
2025-06-20T14:18:59.697,15396638.0,15387061.0,15389114.0
2025-06-20T14:19:01.51,15395182.0,15387098.0,15389114.0
2025-06-20T14:19:03.76,15395182.0,15387262.0,15389114.0
2025-06-20T14:19:05.527,15396947.0,15387434.0,15389114.0
2025-06-20T14:19:07.95,15402266.0,15388103.0,15400850.0
2025-06-20T14:19:09.593,15406019.0,15394254.0,15391627.0
2025-06-20T14:19:12,15415000.0,15408182.0,15410000.0
2025-06-20T14:19:14.073,15417753.0,15411545.0,15417754.0
2025-06-20T14:19:15.013,15417753.0,15411546.0,15417754.0
2025-06-20T14:19:17.71,15417753.0,15411711.0,15417753.0
2025-06-20T14:19:19.377,15417754.0,15411716.0,15417753.0
2025-06-20T14:19:21.837,15415834.0,15411719.0,15415834.0
2025-06-20T14:19:23.89,15415819.0,15411543.0,15415834.0
2025-06-20T14:19:26.093,15415903.0,15412203.0,15415819.0
2025-06-20T14:19:27.78,15418501.0,15412208.0,15415819.0
2025-06-20T14:19:29.657,15418500.0,15412219.0,15412204.0
2025-06-20T14:19:31.51,15418499.0,15412227.0,15412204.0
2025-06-20T14:19:33.94,15418500.0,15412224.0,15412204.0
2025-06-20T14:19:35.937,15420000.0,15412251.0,15418500.0
2025-06-20T14:19:37.01,15417332.0,15412257.0,15418500.0
2025-06-20T14:19:39.847,15418702.0,15408885.0,15418500.0
2025-06-20T14:19:41.25,15418334.0,15408888.0,15418500.0
2025-06-20T14:19:43.697,15418314.0,15409007.0,15418500.0
2025-06-20T14:19:45.44,15418296.0,15409017.0,15418314.0
2025-06-20T14:19:47.187,15418292.0,15409903.0,15418314.0
2025-06-20T14:19:49.387,15419273.0,15413650.0,15418292.0
2025-06-20T14:19:51.65,15419271.0,15413665.0,15418292.0
2025-06-20T14:19:53.83,15419361.0,15413675.0,15418292.0
2025-06-20T14:19:55.613,15419358.0,15413685.0,15418292.0
2025-06-20T14:19:57.88,15419355.0,15411100.0,15418292.0
2025-06-20T14:20:00,15419335.0,15411107.0,15418292.0
2025-06-20T14:20:01.047,15419333.0,15411116.0,15418292.0
2025-06-20T14:20:04.27,15417662.0,15409901.0,15418292.0
2025-06-20T14:20:05.98,15417657.0,15409908.0,15409901.0
2025-06-20T14:20:08.027,15417617.0,15410700.0,15409911.0
2025-06-20T14:20:09.007,15417617.0,15411100.0,15409911.0
2025-06-20T14:20:12.357,15411782.0,15406600.0,15410700.0
2025-06-20T14:20:14.343,15411774.0,15407000.0,15410700.0
2025-06-20T14:20:16.163,15414021.0,15407005.0,15410700.0
2025-06-20T14:20:17.57,15415599.0,15407201.0,15410700.0
2025-06-20T14:20:19.657,15417299.0,15408106.0,15410700.0
2025-06-20T14:20:22.073,15416353.0,15409560.0,15410700.0
2025-06-20T14:20:24.007,15418299.0,15410100.0,15410700.0
2025-06-20T14:20:26.123,15418299.0,15410310.0,15410700.0
2025-06-20T14:20:28.193,15417906.0,15411003.0,15410700.0
2025-06-20T14:20:29.303,15417906.0,15411402.0,15411402.0
2025-06-20T14:20:32.053,15418972.0,15412512.0,15411402.0
2025-06-20T14:20:33.403,15418970.0,15412707.0,15411402.0
2025-06-20T14:20:35.453,15420000.0,15412714.0,15411402.0
2025-06-20T14:20:37.653,15419997.0,15413601.0,15412715.0
2025-06-20T14:20:39.403,15420000.0,15413602.0,15412715.0
2025-06-20T14:20:41.73,15419791.0,15413604.0,15412715.0
2025-06-20T14:20:43.057,15419787.0,15413606.0,15413605.0
2025-06-20T14:20:46.06,15419997.0,15414802.0,15413605.0
2025-06-20T14:20:48.997,15419997.0,15415300.0,15415200.0
2025-06-20T14:20:49.973,15419997.0,15415301.0,15415200.0
2025-06-20T14:20:52.903,15420000.0,15416601.0,15420000.0
2025-06-20T14:20:54.083,15426434.0,15416607.0,15425139.0
2025-06-20T14:20:56.367,15425300.0,15418003.0,15425139.0
2025-06-20T14:20:58.203,15426700.0,15418758.0,15425139.0
2025-06-20T14:21:00.303,15426699.0,15425847.0,15425139.0
2025-06-20T14:21:02.48,15429498.0,15421626.0,15425139.0
2025-06-20T14:21:04.497,15429483.0,15421659.0,15425139.0
2025-06-20T14:21:06.553,15424091.0,15417859.0,15419800.0
2025-06-20T14:21:08.16,15422597.0,15417859.0,15419800.0
2025-06-20T14:21:10.9,15422556.0,15412643.0,15419800.0
2025-06-20T14:21:12.753,15422542.0,15413001.0,15419800.0
2025-06-20T14:21:14.813,15422522.0,15413001.0,15419800.0
2025-06-20T14:21:16.103,15422503.0,15411400.0,15419800.0
2025-06-20T14:21:18.143,15422491.0,15411755.0,15419800.0
2025-06-20T14:21:20.157,15420297.0,15412503.0,15419800.0
2025-06-20T14:21:22.29,15421807.0,15413406.0,15421900.0
2025-06-20T14:21:24.293,15425299.0,15413498.0,15425299.0
2025-06-20T14:21:26.55,15425100.0,15414300.0,15421810.0
2025-06-20T14:21:27.97,15425083.0,15414301.0,15421810.0
2025-06-20T14:21:30.94,15424277.0,15414301.0,15414301.0
2025-06-20T14:21:32.173,15424273.0,15414304.0,15414303.0
2025-06-20T14:21:34.33,15424259.0,15414460.0,15414303.0
2025-06-20T14:21:36.37,15424255.0,15414461.0,15414303.0
2025-06-20T14:21:38.343,15424250.0,15414617.0,15414303.0
2025-06-20T14:21:40.007,15424211.0,15414301.0,15414303.0
2025-06-20T14:21:43.027,15414618.0,15412600.0,15414618.0
2025-06-20T14:21:44.55,15420669.0,15413800.0,15414618.0
2025-06-20T14:21:46.64,15421100.0,15414400.0,15414618.0
2025-06-20T14:21:48.76,15423100.0,15414556.0,15414618.0
2025-06-20T14:21:50.833,15422223.0,15415849.0,15414618.0
2025-06-20T14:21:52.107,15422096.0,15415850.0,15416000.0
2025-06-20T14:21:54.84,15420000.0,15412602.0,15416000.0
2025-06-20T14:21:56.08,15419399.0,15412757.0,15416000.0
2025-06-20T14:21:58.933,15419398.0,15412758.0,15416000.0
2025-06-20T14:22:00.133,15419396.0,15412758.0,15416000.0
2025-06-20T14:22:02.307,15419184.0,15411100.0,15416000.0
2025-06-20T14:22:04.337,15419168.0,15411101.0,15416000.0
2025-06-20T14:22:06.473,15415700.0,15406502.0,15416000.0
2025-06-20T14:22:08.577,15413097.0,15402595.0,15413400.0
2025-06-20T14:22:10.967,15412636.0,15403227.0,15413400.0
2025-06-20T14:22:12.527,15410726.0,15402595.0,15412200.0
2025-06-20T14:22:14.4,15410400.0,15402595.0,15412200.0
2025-06-20T14:22:16.99,15411298.0,15403655.0,15412200.0
2025-06-20T14:22:19.06,15411000.0,15404801.0,15412200.0
2025-06-20T14:22:20.093,15412806.0,15404801.0,15412200.0
2025-06-20T14:22:22.533,15412596.0,15405800.0,15412200.0
2025-06-20T14:22:24.207,15414222.0,15405891.0,15412590.0
2025-06-20T14:22:26.033,15413993.0,15406048.0,15412590.0
2025-06-20T14:22:29.097,15413984.0,15406053.0,15412590.0
2025-06-20T14:22:30.597,15413980.0,15406055.0,15412590.0
2025-06-20T14:22:32.417,15413971.0,15406301.0,15412590.0
2025-06-20T14:22:34.18,15415696.0,15406611.0,15412590.0
2025-06-20T14:22:36.21,15417982.0,15407800.0,15412590.0
2025-06-20T14:22:38.98,15417997.0,15408500.0,15412590.0
2025-06-20T14:22:40.71,15419597.0,15417876.0,15412590.0
2025-06-20T14:22:42.597,15419960.0,15411868.0,15417876.0
2025-06-20T14:22:44.743,15420396.0,15412601.0,15417876.0
2025-06-20T14:22:46.957,15420394.0,15413900.0,15417876.0
2025-06-20T14:22:48.493,15420383.0,15410506.0,15417876.0
2025-06-20T14:22:50.6,15420370.0,15411101.0,15417876.0
2025-06-20T14:22:52.39,15420259.0,15409289.0,15417876.0
2025-06-20T14:22:54.733,15419278.0,15409801.0,15417876.0
2025-06-20T14:22:56.417,15418700.0,15410495.0,15417876.0
2025-06-20T14:22:59.03,15418491.0,15410911.0,15417876.0
2025-06-20T14:23:01.03,15416197.0,15408300.0,15417876.0
2025-06-20T14:23:02.423,15416161.0,15408465.0,15417876.0
2025-06-20T14:23:05.03,15415697.0,15408000.0,15416163.0
2025-06-20T14:23:06.393,15415884.0,15408001.0,15416163.0
2025-06-20T14:23:08.42,15414800.0,15406692.0,15416163.0
2025-06-20T14:23:10.757,15414745.0,15405102.0,15416163.0
2025-06-20T14:23:12.94,15413600.0,15405103.0,15414348.0
2025-06-20T14:23:14.67,15413588.0,15405855.0,15414348.0
2025-06-20T14:23:16.687,15413575.0,15406333.0,15414348.0
2025-06-20T14:23:18.567,15415399.0,15407042.0,15413575.0
2025-06-20T14:23:20.303,15415084.0,15406907.0,15413575.0
2025-06-20T14:23:22.71,15415084.0,15407064.0,15413575.0
2025-06-20T14:23:24.987,15415001.0,15407075.0,15416130.0
2025-06-20T14:23:26.717,15412683.0,15403274.0,15412684.0
2025-06-20T14:23:28.99,15411565.0,15403807.0,15412684.0
2025-06-20T14:23:30.143,15411561.0,15403810.0,15412684.0
2025-06-20T14:23:32.51,15411556.0,15403808.0,15411559.0
2025-06-20T14:23:34.707,15409282.0,15401891.0,15403603.0
2025-06-20T14:23:36.687,15407726.0,15401890.0,15403603.0
2025-06-20T14:23:38.86,15407715.0,15401890.0,15403603.0
2025-06-20T14:23:40.523,15407702.0,15401890.0,15403603.0
2025-06-20T14:23:42.533,15405519.0,15401890.0,15403603.0
2025-06-20T14:23:44.513,15405516.0,15400000.0,15401890.0
2025-06-20T14:23:46.567,15401872.0,15395051.0,15400000.0
2025-06-20T14:23:48.653,15393100.0,15388231.0,15389124.0
2025-06-20T14:23:50.903,15386693.0,15381578.0,15386693.0
2025-06-20T14:23:52.747,15386690.0,15386115.0,15380097.0
2025-06-20T14:23:54.433,15386681.0,15380001.0,15381000.0
2025-06-20T14:23:56.953,15386393.0,15380001.0,15381000.0
2025-06-20T14:23:58.107,15386397.0,15381000.0,15381000.0
2025-06-20T14:24:00.67,15381000.0,15380001.0,15381000.0
2025-06-20T14:24:02.46,15379998.0,15375507.0,15378041.0
2025-06-20T14:24:04.703,15384997.0,15375801.0,15378041.0
2025-06-20T14:24:06.613,15384160.0,15374234.0,15378041.0
2025-06-20T14:24:08.473,15380794.0,15370409.0,15374235.0
2025-06-20T14:24:10.5,15374232.0,15370000.0,15374235.0
2025-06-20T14:24:12.9,15374793.0,15370000.0,15374235.0
2025-06-20T14:24:14.087,15374798.0,15370000.0,15374235.0
2025-06-20T14:24:16.137,15374779.0,15370000.0,15370000.0
2025-06-20T14:24:18.9,15370360.0,15366176.0,15370000.0
2025-06-20T14:24:20.563,15369793.0,15366176.0,15370000.0
2025-06-20T14:24:23.34,15369775.0,15366176.0,15370000.0
2025-06-20T14:24:24.013,15369775.0,15366176.0,15370000.0
2025-06-20T14:24:26.413,15369759.0,15366176.0,15369767.0
2025-06-20T14:24:28.207,15369791.0,15366176.0,15369767.0
2025-06-20T14:24:30.36,15371283.0,15366182.0,15369767.0
2025-06-20T14:24:32.443,15370999.0,15366180.0,15369767.0
2025-06-20T14:24:34.6,15371000.0,15366176.0,15369767.0
2025-06-20T14:24:36.76,15370987.0,15366176.0,15369767.0
2025-06-20T14:24:39.27,15370976.0,15366176.0,15369767.0
2025-06-20T14:24:39.94,15370973.0,15366176.0,15369767.0
2025-06-20T14:24:42.33,15364699.0,15360289.0,15363098.0
2025-06-20T14:24:44.203,15359997.0,15357157.0,15360000.0
2025-06-20T14:24:46.317,15359992.0,15356942.0,15359997.0
2025-06-20T14:24:48.387,15360599.0,15356942.0,15359997.0
2025-06-20T14:24:50.383,15360593.0,15356942.0,15359997.0
2025-06-20T14:24:52.967,15360588.0,15355000.0,15359997.0
2025-06-20T14:24:54.923,15361196.0,15355000.0,15359997.0
2025-06-20T14:24:56.567,15361190.0,15354000.0,15354000.0
2025-06-20T14:24:58.893,15361187.0,15354004.0,15361187.0
2025-06-20T14:25:00.633,15361185.0,15354376.0,15361187.0
2025-06-20T14:25:02.51,15354375.0,15354019.0,15354000.0
2025-06-20T14:25:04.627,15357400.0,15354000.0,15356911.0
2025-06-20T14:25:06.99,15353641.0,15353002.0,15353641.0
2025-06-20T14:25:09.243,15356655.0,15351302.0,15353002.0
2025-06-20T14:25:11.29,15356397.0,15351302.0,15353002.0
2025-06-20T14:25:12.76,15356397.0,15351302.0,15353002.0
2025-06-20T14:25:14.413,15356397.0,15351302.0,15353002.0
2025-06-20T14:25:16.51,15355104.0,15350003.0,15353000.0
2025-06-20T14:25:18.24,15353366.0,15350003.0,15353000.0
2025-06-20T14:25:21.043,15355105.0,15353000.0,15353365.0
2025-06-20T14:25:23.013,15353001.0,15349765.0,15350010.0
2025-06-20T14:25:24.06,15349720.0,15344274.0,15343516.0
2025-06-20T14:25:27.137,15351663.0,15346866.0,15349718.0
2025-06-20T14:25:28.767,15351663.0,15346876.0,15349718.0
2025-06-20T14:25:30.933,15351663.0,15346886.0,15349718.0
2025-06-20T14:25:33.383,15351665.0,15347010.0,15351665.0
2025-06-20T14:25:34.64,15351663.0,15347015.0,15351665.0
2025-06-20T14:25:37.047,15351663.0,15347031.0,15350132.0
2025-06-20T14:25:39.203,15351665.0,15347047.0,15351665.0
2025-06-20T14:25:40.93,15354621.0,15350135.0,15353366.0
2025-06-20T14:25:42.673,15357588.0,15351400.0,15353366.0
2025-06-20T14:25:44.92,15361186.0,15351705.0,15353366.0
2025-06-20T14:25:46.09,15360016.0,15351718.0,15353366.0
2025-06-20T14:25:48.567,15358622.0,15352007.0,15353366.0
2025-06-20T14:25:50.193,15358621.0,15352020.0,15353366.0
2025-06-20T14:25:52.777,15358568.0,15352032.0,15353366.0
2025-06-20T14:25:54.32,15358429.0,15352200.0,15352031.0
2025-06-20T14:25:56.377,15361296.0,15352211.0,15358431.0
2025-06-20T14:25:59.327,15363910.0,15353001.0,15359802.0
2025-06-20T14:26:00.95,15362049.0,15353009.0,15359802.0
2025-06-20T14:26:02.53,15360414.0,15353011.0,15359802.0
2025-06-20T14:26:04.527,15357411.0,15353023.0,15359802.0
2025-06-20T14:26:07.067,15357362.0,15350142.0,15350763.0
2025-06-20T14:26:08.157,15353264.0,15347349.0,15350132.0
2025-06-20T14:26:10.343,15353259.0,15347352.0,15350132.0
2025-06-20T14:26:13.413,15357383.0,15347900.0,15353256.0
2025-06-20T14:26:14.45,15361063.0,15347907.0,15353256.0
2025-06-20T14:26:17.05,15356059.0,15349504.0,15353256.0
2025-06-20T14:26:18.08,15353256.0,15349500.0,15353256.0
2025-06-20T14:26:20.213,15353253.0,15347105.0,15353256.0
2025-06-20T14:26:22.737,15356969.0,15347900.0,15353256.0
2025-06-20T14:26:24.58,15355257.0,15350400.0,15353256.0
2025-06-20T14:26:26.637,15360415.0,15350408.0,15353256.0
2025-06-20T14:26:29.43,15359948.0,15351910.0,15353256.0
2025-06-20T14:26:30.773,15359948.0,15351915.0,15353256.0
2025-06-20T14:26:32.88,15356956.0,15351924.0,15353256.0
2025-06-20T14:26:34.61,15355145.0,15351923.0,15353256.0
2025-06-20T14:26:36.67,15355026.0,15347300.0,15353256.0
2025-06-20T14:26:39.283,15353353.0,15348400.0,15353256.0
2025-06-20T14:26:41.213,15353353.0,15348408.0,15353256.0
2025-06-20T14:26:42.293,15353352.0,15348419.0,15353256.0
2025-06-20T14:26:45.483,15352900.0,15348147.0,15353256.0
2025-06-20T14:26:46.707,15352897.0,15348147.0,15352898.0
2025-06-20T14:26:49.897,15351489.0,15348147.0,15352898.0
2025-06-20T14:26:50.373,15351489.0,15348147.0,15352898.0
2025-06-20T14:26:52.67,15351490.0,15348147.0,15348147.0
2025-06-20T14:26:55.103,15351491.0,15348144.0,15348147.0
2025-06-20T14:26:56.85,15351399.0,15348147.0,15348147.0
2025-06-20T14:26:58.88,15351395.0,15348147.0,15348147.0
2025-06-20T14:27:00.3,15351395.0,15348147.0,15348147.0
2025-06-20T14:27:01.98,15348144.0,15342351.0,15348147.0
2025-06-20T14:27:05.083,15350800.0,15342972.0,15348145.0
2025-06-20T14:27:07.1,15350530.0,15341676.0,15350799.0
2025-06-20T14:27:09.177,15343412.0,15341678.0,15343412.0
2025-06-20T14:27:10.88,15350438.0,15341678.0,15350420.0
2025-06-20T14:27:12.473,15348054.0,15341801.0,15348464.0
2025-06-20T14:27:14.27,15351125.0,15345436.0,15351125.0
2025-06-20T14:27:16.273,15351738.0,15345448.0,15351125.0
2025-06-20T14:27:18.483,15360221.0,15345803.0,15355403.0
2025-06-20T14:27:20.657,15368379.0,15347901.0,15355403.0
2025-06-20T14:27:22.573,15359702.0,15348238.0,15368687.0
2025-06-20T14:27:24.967,15359698.0,15348634.0,15368687.0
2025-06-20T14:27:26.713,15359698.0,15348644.0,15368687.0
2025-06-20T14:27:28.093,15359698.0,15348649.0,15359698.0
2025-06-20T14:27:30.207,15359698.0,15348817.0,15359698.0
2025-06-20T14:27:32.97,15359698.0,15348919.0,15359698.0
2025-06-20T14:27:34.92,15359698.0,15349009.0,15359698.0
2025-06-20T14:27:36.987,15358164.0,15349708.0,15359698.0
2025-06-20T14:27:39.203,15358164.0,15349810.0,15359698.0
2025-06-20T14:27:40.613,15358164.0,15350369.0,15359698.0
2025-06-20T14:27:42.68,15361983.0,15350460.0,15358164.0
2025-06-20T14:27:44.407,15361983.0,15350839.0,15358164.0
2025-06-20T14:27:46.793,15361983.0,15352501.0,15358164.0
2025-06-20T14:27:48.88,15361983.0,15352507.0,15358164.0
2025-06-20T14:27:51.047,15361983.0,15352521.0,15358164.0
2025-06-20T14:27:52.237,15364270.0,15353101.0,15358164.0
2025-06-20T14:27:55.187,15362735.0,15353318.0,15358164.0
2025-06-20T14:27:56.27,15362735.0,15353324.0,15358164.0
2025-06-20T14:27:59.233,15362735.0,15353342.0,15362735.0
2025-06-20T14:28:00.357,15365716.0,15354500.0,15362735.0
2025-06-20T14:28:02.183,15365716.0,15356103.0,15362735.0
2025-06-20T14:28:04.467,15371276.0,15358501.0,15365716.0
2025-06-20T14:28:07.487,15369412.0,15358819.0,15365716.0
2025-06-20T14:28:08.233,15367851.0,15359503.0,15365716.0
2025-06-20T14:28:10.23,15369404.0,15359516.0,15365716.0
2025-06-20T14:28:12.707,15373100.0,15361100.0,15365716.0
2025-06-20T14:28:14.793,15373100.0,15365304.0,15365716.0
2025-06-20T14:28:16.93,15373077.0,15365312.0,15365716.0
2025-06-20T14:28:19.46,15373077.0,15365324.0,15365716.0
2025-06-20T14:28:20.43,15373988.0,15365338.0,15365716.0
2025-06-20T14:28:23.087,15373983.0,15365347.0,15365716.0
2025-06-20T14:28:24.057,15373983.0,15365353.0,15365716.0
2025-06-20T14:28:26.18,15376767.0,15365358.0,15365716.0
2025-06-20T14:28:28.153,15376767.0,15365369.0,15365716.0
2025-06-20T14:28:31.087,15376761.0,15365387.0,15376761.0
2025-06-20T14:28:32.207,15376761.0,15365392.0,15376761.0
2025-06-20T14:28:34.57,15376493.0,15365406.0,15376761.0
2025-06-20T14:28:36.717,15376300.0,15365600.0,15376476.0
2025-06-20T14:28:38.94,15376246.0,15366710.0,15376476.0
2025-06-20T14:28:40.927,15374600.0,15366718.0,15376476.0
2025-06-20T14:28:42.973,15374581.0,15366723.0,15376476.0
2025-06-20T14:28:45.003,15374581.0,15366731.0,15376476.0
2025-06-20T14:28:46.777,15374500.0,15366739.0,15374581.0
2025-06-20T14:28:49.197,15374470.0,15366747.0,15374581.0
2025-06-20T14:28:51.407,15374018.0,15366755.0,15374470.0
2025-06-20T14:28:52.107,15373500.0,15366766.0,15374470.0
2025-06-20T14:28:54.287,15373473.0,15366777.0,15373473.0
2025-06-20T14:28:57.423,15369757.0,15363201.0,15365099.0
2025-06-20T14:28:58.68,15371762.0,15363501.0,15365099.0
2025-06-20T14:29:01.513,15371756.0,15363804.0,15365099.0
2025-06-20T14:29:03.003,15380275.0,15363819.0,15380000.0
2025-06-20T14:29:05.977,15372928.0,15364716.0,15380000.0
2025-06-20T14:29:07.217,15374198.0,15365900.0,15380000.0
2025-06-20T14:29:09.923,15374198.0,15366212.0,15374198.0
2025-06-20T14:29:11.46,15374198.0,15366222.0,15374198.0
2025-06-20T14:29:13.643,15372107.0,15363000.0,15365195.0
2025-06-20T14:29:15.287,15370994.0,15363200.0,15365195.0
2025-06-20T14:29:17.763,15369455.0,15363301.0,15365195.0
2025-06-20T14:29:19.207,15369455.0,15363301.0,15365195.0
2025-06-20T14:29:21.153,15369455.0,15364500.0,15365195.0
2025-06-20T14:29:23.173,15369455.0,15364500.0,15365195.0
2025-06-20T14:29:25.367,15373321.0,15364500.0,15365195.0
2025-06-20T14:29:27.353,15372840.0,15364800.0,15365195.0
2025-06-20T14:29:29.203,15373321.0,15364801.0,15365195.0
2025-06-20T14:29:31.527,15377953.0,15365600.0,15365195.0
2025-06-20T14:29:33.407,15377953.0,15365725.0,15365195.0
2025-06-20T14:29:35.097,15378097.0,15368401.0,15365195.0
2025-06-20T14:29:37.46,15380555.0,15369001.0,15368416.0
2025-06-20T14:29:39.58,15378297.0,15371600.0,15368416.0
2025-06-20T14:29:41.107,15378288.0,15371900.0,15368416.0
2025-06-20T14:29:43.403,15381814.0,15371934.0,15368416.0
2025-06-20T14:29:45.993,15381814.0,15371917.0,15368416.0
2025-06-20T14:29:47.81,15376755.0,15371700.0,15371935.0
2025-06-20T14:29:49.98,15376752.0,15370300.0,15371935.0
2025-06-20T14:29:51.213,15376745.0,15370301.0,15371935.0
2025-06-20T14:29:53.277,15376752.0,15370301.0,15371935.0
2025-06-20T14:29:55.867,15376567.0,15367300.0,15371935.0
2025-06-20T14:29:57.947,15375800.0,15367301.0,15371935.0
2025-06-20T14:29:59.893,15375742.0,15366234.0,15371935.0
2025-06-20T14:30:01.91,15375580.0,15363200.0,15371935.0
2025-06-20T14:30:03.93,15371959.0,15363201.0,15371935.0
2025-06-20T14:30:05.923,15375300.0,15363217.0,15371935.0
2025-06-20T14:30:07.913,15372799.0,15363200.0,15371935.0
2025-06-20T14:30:09.067,15372778.0,15363200.0,15371935.0
2025-06-20T14:30:11.18,15372715.0,15363234.0,15371935.0
2025-06-20T14:30:13.183,15372799.0,15364400.0,15371935.0
2025-06-20T14:30:15.2,15372796.0,15364895.0,15371935.0
2025-06-20T14:30:17.463,15375400.0,15365900.0,15371935.0
2025-06-20T14:30:19.587,15375397.0,15366025.0,15371935.0
2025-06-20T14:30:21.66,15375397.0,15366116.0,15371935.0
2025-06-20T14:30:23.933,15376665.0,15367134.0,15371935.0
2025-06-20T14:30:25.917,15376749.0,15367207.0,15371935.0
2025-06-20T14:30:27.843,15376749.0,15367116.0,15371935.0
2025-06-20T14:30:29.923,15369865.0,15367296.0,15371935.0
2025-06-20T14:30:32.08,15376200.0,15368500.0,15374861.0
2025-06-20T14:30:33.463,15375954.0,15366718.0,15367891.0
2025-06-20T14:30:35.08,15375893.0,15366201.0,15367891.0
2025-06-20T14:30:37.247,15375883.0,15366200.0,15367891.0
2025-06-20T14:30:39.34,15373700.0,15366200.0,15367891.0
2025-06-20T14:30:41.453,15371461.0,15366434.0,15367891.0
2025-06-20T14:30:43.63,15373716.0,15366534.0,15367891.0
2025-06-20T14:30:45.68,15373716.0,15366516.0,15367891.0
2025-06-20T14:30:47.72,15373716.0,15366535.0,15367891.0
2025-06-20T14:30:49.84,15373184.0,15364895.0,15367891.0
2025-06-20T14:30:51,15373160.0,15364895.0,15367891.0
2025-06-20T14:30:54.07,15369700.0,15364895.0,15367891.0
2025-06-20T14:30:55.793,15368030.0,15363357.0,15364895.0
2025-06-20T14:30:57.95,15367993.0,15363357.0,15364895.0
2025-06-20T14:30:59.863,15367998.0,15363000.0,15364895.0
2025-06-20T14:31:01.32,15367998.0,15363000.0,15364895.0
2025-06-20T14:31:03.44,15367994.0,15363000.0,15364895.0
2025-06-20T14:31:05.33,15367980.0,15363000.0,15364895.0
2025-06-20T14:31:07.273,15365834.0,15360000.0,15363000.0
2025-06-20T14:31:09.29,15365191.0,15360000.0,15365199.0
2025-06-20T14:31:11.493,15365181.0,15360001.0,15365179.0
2025-06-20T14:31:13.837,15366699.0,15360001.0,15365179.0
2025-06-20T14:31:15.783,15367171.0,15360860.0,15365179.0
2025-06-20T14:31:17.78,15367170.0,15360804.0,15365179.0
2025-06-20T14:31:20,15367100.0,15360800.0,15365179.0
2025-06-20T14:31:21.74,15366999.0,15360000.0,15365179.0
2025-06-20T14:31:23.99,15366393.0,15360000.0,15365179.0
2025-06-20T14:31:26.013,15363800.0,15360000.0,15365179.0
2025-06-20T14:31:27.287,15363398.0,15360000.0,15365179.0
2025-06-20T14:31:29.13,15363393.0,15360000.0,15363393.0
2025-06-20T14:31:31.257,15364433.0,15360000.0,15363393.0
2025-06-20T14:31:33.58,15364433.0,15360007.0,15363393.0
2025-06-20T14:31:35.673,15364433.0,15360000.0,15360001.0
2025-06-20T14:31:37.37,15364433.0,15360000.0,15360001.0
2025-06-20T14:31:39.647,15364433.0,15360000.0,15360001.0
2025-06-20T14:31:41.793,15363399.0,15360000.0,15360001.0
2025-06-20T14:31:43.933,15367400.0,15360004.0,15360001.0
2025-06-20T14:31:45.107,15367400.0,15360009.0,15360001.0
2025-06-20T14:31:47.937,15367400.0,15360019.0,15360017.0
2025-06-20T14:31:49.147,15367400.0,15360000.0,15360017.0
2025-06-20T14:31:51.187,15367018.0,15360015.0,15360017.0
2025-06-20T14:31:53.327,15366587.0,15357200.0,15360000.0
2025-06-20T14:31:55.457,15366897.0,15357600.0,15357300.0
2025-06-20T14:31:57.48,15366161.0,15357600.0,15357300.0
2025-06-20T14:31:59.7,15364622.0,15357600.0,15357300.0
2025-06-20T14:32:01.883,15364622.0,15357617.0,15357300.0
2025-06-20T14:32:03.663,15367022.0,15357675.0,15357300.0
2025-06-20T14:32:05.697,15371664.0,15361400.0,15367016.0
2025-06-20T14:32:07.947,15373600.0,15362900.0,15367016.0
2025-06-20T14:32:09.013,15373500.0,15364163.0,15367016.0
2025-06-20T14:32:12.063,15373478.0,15364101.0,15367016.0
2025-06-20T14:32:13.013,15373466.0,15364117.0,15367016.0
2025-06-20T14:32:15.023,15373457.0,15364101.0,15367016.0
2025-06-20T14:32:17.503,15372243.0,15364101.0,15367016.0
2025-06-20T14:32:19.167,15373465.0,15364118.0,15367016.0
2025-06-20T14:32:21.35,15374000.0,15364800.0,15367016.0
2025-06-20T14:32:23.477,15369224.0,15362246.0,15364500.0
2025-06-20T14:32:25.107,15369065.0,15361106.0,15364500.0
2025-06-20T14:32:27.303,15367041.0,15360000.0,15364500.0
2025-06-20T14:32:29.303,15367127.0,15360000.0,15364500.0
2025-06-20T14:32:32.287,15364897.0,15360000.0,15364500.0
2025-06-20T14:32:33.947,15364878.0,15360000.0,15364500.0
2025-06-20T14:32:35.257,15364900.0,15360000.0,15364500.0
2025-06-20T14:32:37.933,15365252.0,15360009.0,15364500.0
2025-06-20T14:32:39.953,15365248.0,15357400.0,15360000.0
2025-06-20T14:32:40.953,15365200.0,15357400.0,15360000.0
2025-06-20T14:32:43.327,15365164.0,15356899.0,15360000.0
2025-06-20T14:32:45.833,15363057.0,15356899.0,15360000.0
2025-06-20T14:32:48.023,15363097.0,15356899.0,15360000.0
2025-06-20T14:32:49.973,15363080.0,15356899.0,15360000.0
2025-06-20T14:32:51.06,15363100.0,15356903.0,15360000.0
2025-06-20T14:32:53.58,15363078.0,15356547.0,15356899.0
2025-06-20T14:32:55.093,15359000.0,15350000.0,15352317.0
2025-06-20T14:32:57.01,15356188.0,15350000.0,15352317.0
2025-06-20T14:32:59.86,15356160.0,15350000.0,15352317.0
2025-06-20T14:33:02.01,15354173.0,15350000.0,15352317.0
2025-06-20T14:33:04.077,15354021.0,15350000.0,15357550.0
2025-06-20T14:33:05.893,15355948.0,15350000.0,15357550.0
2025-06-20T14:33:07.263,15354000.0,15345666.0,15351874.0
2025-06-20T14:33:09.327,15352801.0,15345666.0,15351874.0
2025-06-20T14:33:12.037,15360772.0,15346406.0,15352798.0
2025-06-20T14:33:13.53,15358450.0,15347190.0,15352798.0
2025-06-20T14:33:15.04,15351874.0,15349503.0,15352798.0
2025-06-20T14:33:17.44,15362737.0,15353300.0,15351874.0
2025-06-20T14:33:19.217,15365025.0,15353410.0,15351874.0
2025-06-20T14:33:21.897,15367835.0,15354159.0,15354000.0
2025-06-20T14:33:23.487,15367835.0,15354935.0,15354000.0
2025-06-20T14:33:25.197,15365800.0,15355029.0,15355026.0
2025-06-20T14:33:28.32,15364598.0,15354916.0,15354937.0
2025-06-20T14:33:29.223,15365783.0,15354943.0,15354937.0
2025-06-20T14:33:31.19,15365600.0,15356103.0,15354937.0
2025-06-20T14:33:33.493,15365450.0,15354017.0,15356103.0
2025-06-20T14:33:35.763,15364291.0,15354700.0,15356103.0
2025-06-20T14:33:37.853,15363995.0,15354701.0,15356103.0
2025-06-20T14:33:39.963,15360076.0,15352451.0,15356103.0
2025-06-20T14:33:41.717,15360076.0,15351742.0,15349849.0
2025-06-20T14:33:42.97,15356502.0,15350600.0,15350600.0
2025-06-20T14:33:45.97,15356300.0,15349900.0,15350600.0
2025-06-20T14:33:48.017,15356289.0,15349900.0,15350600.0
2025-06-20T14:33:50.153,15361996.0,15349992.0,15350600.0
2025-06-20T14:33:51.17,15361100.0,15349993.0,15350600.0
2025-06-20T14:33:53.233,15361097.0,15350240.0,15350600.0
2025-06-20T14:33:55.753,15362200.0,15352801.0,15352801.0
2025-06-20T14:33:57.957,15362096.0,15352801.0,15352801.0
2025-06-20T14:33:59.683,15362083.0,15352801.0,15352801.0
2025-06-20T14:34:01.447,15362082.0,15350523.0,15352801.0
2025-06-20T14:34:03.627,15360500.0,15351317.0,15352801.0
2025-06-20T14:34:05.2,15358800.0,15350523.0,15352801.0
2025-06-20T14:34:07.187,15358490.0,15350500.0,15352801.0
2025-06-20T14:34:09.267,15358482.0,15350500.0,15352801.0
2025-06-20T14:34:11.257,15357273.0,15348600.0,15352801.0
2025-06-20T14:34:13.06,15356798.0,15348601.0,15352801.0
2025-06-20T14:34:16.093,15356784.0,15348601.0,15352801.0
2025-06-20T14:34:17.19,15356792.0,15348691.0,15352801.0
2025-06-20T14:34:19.153,15356792.0,15348601.0,15352801.0
2025-06-20T14:34:21.963,15356771.0,15348800.0,15352801.0
2025-06-20T14:34:23.833,15356762.0,15348415.0,15352801.0
2025-06-20T14:34:26.357,15356739.0,15346476.0,15352801.0
2025-06-20T14:34:27.957,15356726.0,15347000.0,15352801.0
2025-06-20T14:34:29.533,15356717.0,15347000.0,15352801.0
2025-06-20T14:34:31.183,15356706.0,15347000.0,15352801.0
2025-06-20T14:34:33.287,15356302.0,15347000.0,15352801.0
2025-06-20T14:34:35.067,15356262.0,15347000.0,15352801.0
2025-06-20T14:34:37.217,15352253.0,15345666.0,15352801.0
2025-06-20T14:34:39.97,15349327.0,15341676.0,15345666.0
2025-06-20T14:34:41.633,15348196.0,15341676.0,15345666.0
2025-06-20T14:34:43.313,15349911.0,15341900.0,15345666.0
2025-06-20T14:34:45.4,15350872.0,15341900.0,15345666.0
2025-06-20T14:34:47.903,15351264.0,15341901.0,15345666.0
2025-06-20T14:34:49.84,15351264.0,15341992.0,15345666.0
2025-06-20T14:34:51.717,15351338.0,15342083.0,15345666.0
2025-06-20T14:34:53.857,15352183.0,15342203.0,15345666.0
2025-06-20T14:34:55.893,15351492.0,15342293.0,15345666.0
2025-06-20T14:34:57.853,15351691.0,15342352.0,15345660.0
2025-06-20T14:34:59.69,15350898.0,15342403.0,15345660.0
2025-06-20T14:35:01.023,15342204.0,15341677.0,15342204.0
2025-06-20T14:35:03.887,15342204.0,15341676.0,15341676.0
2025-06-20T14:35:06.42,15342204.0,15340088.0,15340088.0
2025-06-20T14:35:06.98,15342204.0,15340088.0,15340088.0
2025-06-20T14:35:09.033,15342204.0,15340088.0,15340088.0
2025-06-20T14:35:11.73,15342204.0,15340088.0,15340088.0
2025-06-20T14:35:13.64,15342204.0,15340088.0,15340088.0
2025-06-20T14:35:15.423,15341899.0,15338402.0,15340000.0
2025-06-20T14:35:17.88,15341597.0,15338405.0,15340000.0
2025-06-20T14:35:19.537,15341497.0,15338405.0,15340000.0
2025-06-20T14:35:22.207,15341498.0,15338405.0,15340000.0
2025-06-20T14:35:23.25,15341496.0,15336803.0,15341497.0
2025-06-20T14:35:25.303,15341800.0,15336824.0,15341497.0
2025-06-20T14:35:27.143,15342204.0,15336923.0,15341497.0
2025-06-20T14:35:29.91,15342204.0,15336951.0,15342204.0
2025-06-20T14:35:31.717,15342204.0,15338479.0,15342204.0
2025-06-20T14:35:33.48,15342204.0,15339034.0,15342204.0
2025-06-20T14:35:36.39,15342204.0,15339091.0,15342204.0
2025-06-20T14:35:37.353,15342204.0,15339114.0,15342204.0
2025-06-20T14:35:40.277,15347100.0,15339142.0,15342204.0
2025-06-20T14:35:41.043,15347300.0,15339232.0,15347300.0
2025-06-20T14:35:42.94,15348817.0,15341173.0,15347300.0
2025-06-20T14:35:45.06,15351099.0,15342514.0,15347300.0
2025-06-20T14:35:47.19,15348800.0,15341269.0,15347300.0
2025-06-20T14:35:49.27,15348797.0,15341270.0,15347300.0
2025-06-20T14:35:52.037,15351099.0,15341285.0,15347300.0
2025-06-20T14:35:53.48,15351100.0,15341357.0,15347300.0
2025-06-20T14:35:55.613,15351098.0,15342485.0,15347300.0
2025-06-20T14:35:57.887,15350899.0,15342499.0,15347300.0
2025-06-20T14:35:59.497,15350697.0,15341803.0,15347300.0
2025-06-20T14:36:01.72,15350698.0,15342499.0,15347300.0
2025-06-20T14:36:03.76,15350699.0,15342513.0,15347300.0
2025-06-20T14:36:06.157,15350699.0,15342795.0,15347300.0
2025-06-20T14:36:08.037,15350699.0,15342803.0,15347300.0
2025-06-20T14:36:09.113,15350699.0,15342800.0,15347300.0
2025-06-20T14:36:12.19,15352199.0,15342815.0,15347300.0
2025-06-20T14:36:13.597,15352199.0,15342819.0,15347300.0
2025-06-20T14:36:15.657,15352199.0,15342831.0,15347300.0
2025-06-20T14:36:17.707,15352197.0,15342847.0,15347300.0
2025-06-20T14:36:19.98,15351898.0,15342834.0,15347300.0
2025-06-20T14:36:21.94,15350000.0,15343323.0,15347300.0
2025-06-20T14:36:23.05,15349798.0,15343327.0,15347300.0
2025-06-20T14:36:25.143,15348799.0,15342837.0,15347300.0
2025-06-20T14:36:27.073,15348797.0,15341700.0,15347300.0
2025-06-20T14:36:29.153,15348792.0,15341703.0,15347300.0
2025-06-20T14:36:31.313,15348599.0,15341703.0,15347300.0
2025-06-20T14:36:34.303,15348514.0,15337562.0,15347300.0
2025-06-20T14:36:35.633,15346999.0,15338803.0,15347300.0
2025-06-20T14:36:37.92,15346699.0,15338803.0,15347300.0
2025-06-20T14:36:39.597,15346699.0,15338803.0,15347300.0
2025-06-20T14:36:42.387,15348393.0,15346698.0,15347300.0
2025-06-20T14:36:43.357,15348100.0,15338803.0,15346698.0
2025-06-20T14:36:45.793,15348099.0,15337800.0,15346698.0
2025-06-20T14:36:48.94,15349599.0,15341909.0,15346698.0
2025-06-20T14:36:49.9,15349593.0,15340499.0,15346698.0
2025-06-20T14:36:51.84,15349599.0,15340512.0,15346698.0
2025-06-20T14:36:54.13,15349599.0,15340555.0,15346698.0
2025-06-20T14:36:55.533,15349597.0,15340992.0,15346698.0
2025-06-20T14:36:57.66,15349400.0,15339180.0,15346698.0
2025-06-20T14:37:00.117,15349400.0,15342077.0,15346698.0
2025-06-20T14:37:02.313,15349400.0,15342173.0,15346698.0
2025-06-20T14:37:03.313,15349400.0,15342246.0,15346698.0
2025-06-20T14:37:06.173,15350000.0,15342332.0,15346698.0
2025-06-20T14:37:08.13,15350000.0,15345256.0,15346698.0
2025-06-20T14:37:09.447,15350000.0,15345260.0,15346698.0
2025-06-20T14:37:11.493,15350000.0,15345266.0,15350000.0
2025-06-20T14:37:13.667,15350000.0,15345423.0,15350000.0
2025-06-20T14:37:15.287,15350000.0,15345470.0,15350000.0
2025-06-20T14:37:17.827,15355410.0,15352536.0,15355410.0
2025-06-20T14:37:19.957,15360000.0,15352537.0,15358204.0
2025-06-20T14:37:22.147,15359000.0,15352548.0,15358204.0
2025-06-20T14:37:24.133,15360000.0,15352536.0,15360000.0
2025-06-20T14:37:26.2,15359100.0,15352540.0,15359100.0
2025-06-20T14:37:28.223,15358899.0,15352553.0,15359100.0
2025-06-20T14:37:30.44,15358899.0,15352536.0,15359100.0
2025-06-20T14:37:32.35,15360000.0,15358895.0,15359100.0
2025-06-20T14:37:34.433,15360000.0,15358895.0,15359100.0
2025-06-20T14:37:36.533,15365000.0,15356279.0,15360000.0
2025-06-20T14:37:38.493,15365000.0,15357825.0,15360000.0
2025-06-20T14:37:40.78,15371365.0,15357842.0,15370387.0
2025-06-20T14:37:42.897,15370840.0,15361439.0,15370387.0
2025-06-20T14:37:44.887,15370840.0,15361450.0,15370387.0
2025-06-20T14:37:46.25,15370824.0,15361457.0,15370387.0
2025-06-20T14:37:49.06,15370840.0,15360176.0,15370387.0
2025-06-20T14:37:50.003,15371927.0,15360272.0,15370387.0
2025-06-20T14:37:52.563,15373835.0,15360920.0,15370387.0
2025-06-20T14:37:54.113,15374199.0,15364837.0,15370387.0
2025-06-20T14:37:56.74,15377383.0,15365030.0,15370387.0
2025-06-20T14:37:58.9,15377383.0,15365127.0,15370387.0
2025-06-20T14:38:00.47,15376199.0,15365137.0,15370387.0
2025-06-20T14:38:02.877,15375699.0,15366047.0,15370387.0
2025-06-20T14:38:04.57,15379599.0,15366448.0,15370387.0
2025-06-20T14:38:06.617,15379583.0,15366545.0,15370387.0
2025-06-20T14:38:08.927,15379406.0,15366574.0,15379406.0
2025-06-20T14:38:10.077,15380000.0,15369907.0,15379406.0
2025-06-20T14:38:12.307,15380000.0,15370007.0,15379406.0
2025-06-20T14:38:14.96,15380000.0,15370102.0,15379406.0
2025-06-20T14:38:16.897,15380000.0,15372224.0,15379406.0
2025-06-20T14:38:18.057,15380000.0,15373916.0,15379406.0
2025-06-20T14:38:19.99,15380000.0,15373927.0,15379406.0
2025-06-20T14:38:22.133,15380000.0,15375252.0,15379406.0
2025-06-20T14:38:24.76,15380000.0,15375328.0,15379406.0
2025-06-20T14:38:26.313,15380000.0,15375706.0,15379406.0
2025-06-20T14:38:29.02,15380000.0,15375800.0,15380000.0
2025-06-20T14:38:30.48,15380000.0,15375817.0,15380000.0
2025-06-20T14:38:32.04,15380000.0,15375945.0,15380000.0
2025-06-20T14:38:34.573,15380000.0,15376054.0,15380000.0
2025-06-20T14:38:36.857,15385440.0,15378988.0,15380000.0
2025-06-20T14:38:38.98,15385440.0,15380003.0,15380000.0
2025-06-20T14:38:40.893,15385440.0,15380012.0,15380000.0
2025-06-20T14:38:42.187,15385440.0,15380020.0,15380000.0
2025-06-20T14:38:44.073,15385440.0,15380028.0,15380022.0
2025-06-20T14:38:46.447,15385440.0,15380006.0,15380022.0
2025-06-20T14:38:48.407,15385440.0,15380007.0,15380022.0
2025-06-20T14:38:50.437,15385440.0,15382352.0,15380022.0
2025-06-20T14:38:52.053,15385440.0,15382354.0,15383075.0
2025-06-20T14:38:54.69,15385440.0,15383374.0,15383075.0
2025-06-20T14:38:56.953,15392099.0,15383518.0,15393042.0
2025-06-20T14:38:58.403,15392099.0,15383534.0,15393042.0
2025-06-20T14:39:00.487,15395000.0,15386122.0,15393042.0
2025-06-20T14:39:02.16,15394426.0,15386121.0,15393042.0
2025-06-20T14:39:04.047,15392309.0,15386131.0,15392400.0
2025-06-20T14:39:06.197,15392284.0,15381504.0,15392400.0
2025-06-20T14:39:08.25,15392281.0,15383801.0,15392400.0
2025-06-20T14:39:10.37,15395000.0,15392300.0,15392400.0
2025-06-20T14:39:12.38,15392120.0,15384602.0,15392301.0
2025-06-20T14:39:14.677,15391381.0,15383001.0,15392301.0
2025-06-20T14:39:17.01,15391372.0,15383001.0,15392301.0
2025-06-20T14:39:19.063,15391368.0,15383001.0,15391363.0
2025-06-20T14:39:21.143,15390963.0,15383300.0,15391363.0
2025-06-20T14:39:22.583,15390163.0,15383301.0,15391363.0
2025-06-20T14:39:24.23,15389983.0,15379001.0,15390159.0
2025-06-20T14:39:26.537,15389926.0,15379001.0,15390159.0
2025-06-20T14:39:28.243,15389900.0,15380000.0,15389900.0
2025-06-20T14:39:30.853,15390737.0,15380721.0,15389900.0
2025-06-20T14:39:32.16,15389909.0,15381900.0,15389900.0
2025-06-20T14:39:34.283,15392123.0,15384100.0,15389900.0
2025-06-20T14:39:36.027,15392123.0,15384102.0,15389900.0
2025-06-20T14:39:39.203,15389897.0,15381901.0,15389900.0
2025-06-20T14:39:41.093,15389897.0,15382456.0,15389900.0
2025-06-20T14:39:42.71,15389897.0,15383400.0,15389897.0
2025-06-20T14:39:44.22,15389897.0,15383402.0,15389897.0
2025-06-20T14:39:46.207,15389900.0,15383495.0,15389897.0
2025-06-20T14:39:48.94,15389900.0,15383607.0,15389897.0
2025-06-20T14:39:50.46,15389900.0,15383611.0,15389897.0
2025-06-20T14:39:51.933,15389900.0,15383615.0,15389897.0
2025-06-20T14:39:54.523,15389900.0,15383622.0,15389897.0
2025-06-20T14:39:56.253,15389900.0,15383626.0,15389897.0
2025-06-20T14:39:58.23,15389900.0,15383720.0,15389897.0
2025-06-20T14:40:01,15389900.0,15383817.0,15389897.0
2025-06-20T14:40:02.423,15389900.0,15383826.0,15389897.0
2025-06-20T14:40:04.063,15389900.0,15383922.0,15389897.0
2025-06-20T14:40:06.717,15389600.0,15384601.0,15389897.0
2025-06-20T14:40:08.94,15389899.0,15382604.0,15389400.0
2025-06-20T14:40:11.25,15388800.0,15382611.0,15389400.0
2025-06-20T14:40:13.14,15388800.0,15382615.0,15388900.0
2025-06-20T14:40:14.02,15388797.0,15379601.0,15388900.0
2025-06-20T14:40:17.057,15386899.0,15380004.0,15388900.0
2025-06-20T14:40:19.137,15386878.0,15380011.0,15388900.0
2025-06-20T14:40:20.627,15384261.0,15378803.0,15380011.0
2025-06-20T14:40:22.947,15383599.0,15378296.0,15380011.0
2025-06-20T14:40:24.67,15383598.0,15378603.0,15380011.0
2025-06-20T14:40:26.493,15383598.0,15378603.0,15380011.0
2025-06-20T14:40:29.23,15387763.0,15378610.0,15380011.0
2025-06-20T14:40:31.01,15388099.0,15378701.0,15378608.0
2025-06-20T14:40:33.043,15385626.0,15371762.0,15376000.0
2025-06-20T14:40:34.43,15379100.0,15369897.0,15376000.0
2025-06-20T14:40:37.047,15377978.0,15369897.0,15376000.0
2025-06-20T14:40:39.263,15377944.0,15369897.0,15376000.0
2025-06-20T14:40:40.153,15377873.0,15369897.0,15376000.0
2025-06-20T14:40:42.657,15377800.0,15369897.0,15376000.0
2025-06-20T14:40:44.197,15374700.0,15369897.0,15374973.0
2025-06-20T14:40:46.387,15374683.0,15369897.0,15374973.0
2025-06-20T14:40:48.85,15374606.0,15368359.0,15369897.0
2025-06-20T14:40:50.933,15371538.0,15363815.0,15366821.0
2025-06-20T14:40:52.493,15369028.0,15363745.0,15363815.0
2025-06-20T14:40:54.13,15366422.0,15360669.0,15362207.0
2025-06-20T14:40:56.637,15363700.0,15352972.0,15353300.0
2025-06-20T14:40:59.213,15362459.0,15353100.0,15353300.0
2025-06-20T14:41:00.807,15362410.0,15352972.0,15353300.0
2025-06-20T14:41:02.157,15362000.0,15352300.0,15362000.0
2025-06-20T14:41:04.177,15361694.0,15350707.0,15361800.0
2025-06-20T14:41:07.357,15352539.0,15346698.0,15352539.0
2025-06-20T14:41:09.337,15351595.0,15346698.0,15352539.0
2025-06-20T14:41:10.407,15351400.0,15346698.0,15352539.0
2025-06-20T14:41:12.61,15356000.0,15346703.0,15351578.0
2025-06-20T14:41:14.547,15357623.0,15346801.0,15351578.0
2025-06-20T14:41:16.54,15357884.0,15347475.0,15351578.0
2025-06-20T14:41:18.703,15356700.0,15348800.0,15351578.0
2025-06-20T14:41:20.17,15361080.0,15348830.0,15351578.0
2025-06-20T14:41:22.693,15357616.0,15347106.0,15351578.0
2025-06-20T14:41:24.937,15357297.0,15348026.0,15351578.0
2025-06-20T14:41:26.82,15363000.0,15348091.0,15351578.0
2025-06-20T14:41:28.887,15361400.0,15352001.0,15351578.0
2025-06-20T14:41:30.94,15363000.0,15352227.0,15352007.0
2025-06-20T14:41:32.97,15363000.0,15353701.0,15352007.0
2025-06-20T14:41:34.193,15364900.0,15353707.0,15352007.0
2025-06-20T14:41:37.073,15356634.0,15350736.0,15353803.0
2025-06-20T14:41:38.19,15355999.0,15346698.0,15353803.0
2025-06-20T14:41:40.903,15355900.0,15346698.0,15352007.0
2025-06-20T14:41:42.217,15355098.0,15346698.0,15352007.0
2025-06-20T14:41:44.867,15355076.0,15346698.0,15352007.0
2025-06-20T14:41:46.68,15355075.0,15346698.0,15352007.0
2025-06-20T14:41:48.653,15355051.0,15346699.0,15352007.0
2025-06-20T14:41:50.647,15353500.0,15346698.0,15352007.0
2025-06-20T14:41:52.727,15352400.0,15343000.0,15346698.0
2025-06-20T14:41:54.127,15348913.0,15342275.0,15344001.0
2025-06-20T14:41:56.843,15348583.0,15341009.0,15344001.0
2025-06-20T14:41:57.993,15347897.0,15341400.0,15344001.0
2025-06-20T14:42:00.943,15348800.0,15341008.0,15344001.0
2025-06-20T14:42:03.093,15346297.0,15341008.0,15346995.0
2025-06-20T14:42:04.583,15342192.0,15338189.0,15339473.0
2025-06-20T14:42:06.19,15341698.0,15336403.0,15337938.0
2025-06-20T14:42:08.707,15338499.0,15332151.0,15333333.0
2025-06-20T14:42:11.293,15337778.0,15330263.0,15331798.0
2025-06-20T14:42:13.233,15328020.0,15316474.0,15317531.0
2025-06-20T14:42:14.27,15323785.0,15318058.0,15318058.0
2025-06-20T14:42:16.313,15317528.0,15314655.0,15314221.0
2025-06-20T14:42:18.377,15328001.0,15317534.0,15324994.0
2025-06-20T14:42:20.233,15327265.0,15317903.0,15324994.0
2025-06-20T14:42:22.69,15324993.0,15318374.0,15324994.0
2025-06-20T14:42:24.613,15323000.0,15314400.0,15324600.0
2025-06-20T14:42:26.737,15322198.0,15313826.0,15324600.0
2025-06-20T14:42:28.85,15322483.0,15314598.0,15324600.0
2025-06-20T14:42:30.933,15323116.0,15314707.0,15324600.0
2025-06-20T14:42:33.197,15320100.0,15311355.0,15310200.0
2025-06-20T14:42:34.39,15320065.0,15311355.0,15310200.0
2025-06-20T14:42:36.15,15320056.0,15311355.0,15310200.0
2025-06-20T14:42:38.373,15320035.0,15310471.0,15310200.0
2025-06-20T14:42:41.04,15320005.0,15310555.0,15310555.0
2025-06-20T14:42:42.437,15320002.0,15312755.0,15310555.0
2025-06-20T14:42:44.95,15319948.0,15310305.0,15310555.0
2025-06-20T14:42:46.657,15310795.0,15310000.0,15310305.0
2025-06-20T14:42:48.673,15309980.0,15304260.0,15306166.0
2025-06-20T14:42:50.64,15309970.0,15304260.0,15309400.0
2025-06-20T14:42:52.69,15311200.0,15304260.0,15309400.0
2025-06-20T14:42:54.9,15311200.0,15304260.0,15309400.0
2025-06-20T14:42:56.917,15311200.0,15304700.0,15309400.0
2025-06-20T14:42:58.94,15311399.0,15305000.0,15309400.0
2025-06-20T14:43:00.383,15310545.0,15300001.0,15300001.0
2025-06-20T14:43:02.553,15304703.0,15300545.0,15300001.0
2025-06-20T14:43:04.633,15311000.0,15300547.0,15304703.0
2025-06-20T14:43:06.353,15311397.0,15303666.0,15304703.0
2025-06-20T14:43:08.38,15312000.0,15303670.0,15304703.0
2025-06-20T14:43:10.82,15311600.0,15303854.0,15311700.0
2025-06-20T14:43:12.777,15315853.0,15304966.0,15311700.0
2025-06-20T14:43:14.823,15317700.0,15315700.0,15311587.0
2025-06-20T14:43:16.98,15317700.0,15315700.0,15311587.0
2025-06-20T14:43:18.377,15317836.0,15315700.0,15315700.0
2025-06-20T14:43:20.49,15318899.0,15315703.0,15315703.0
2025-06-20T14:43:22.583,15318494.0,15307081.0,15318500.0
2025-06-20T14:43:24.073,15318481.0,15307096.0,15318484.0
2025-06-20T14:43:26.883,15318499.0,15315703.0,15318484.0
2025-06-20T14:43:28.407,15319102.0,15315703.0,15318484.0
2025-06-20T14:43:30.127,15319693.0,15318484.0,15318484.0
2025-06-20T14:43:32.18,15321697.0,15318484.0,15318484.0
2025-06-20T14:43:34.153,15322143.0,15318487.0,15321600.0
2025-06-20T14:43:36.233,15320000.0,15318487.0,15321600.0
2025-06-20T14:43:38.3,15320000.0,15318487.0,15321600.0
2025-06-20T14:43:41.03,15320000.0,15318487.0,15321600.0
2025-06-20T14:43:42.933,15325075.0,15318487.0,15320000.0
2025-06-20T14:43:44.463,15325084.0,15320000.0,15320000.0
2025-06-20T14:43:46.173,15327145.0,15320800.0,15327172.0
2025-06-20T14:43:48.953,15326525.0,15321703.0,15327172.0
2025-06-20T14:43:51.167,15326525.0,15321718.0,15326525.0
2025-06-20T14:43:52.307,15326525.0,15321705.0,15326525.0
2025-06-20T14:43:54.237,15326394.0,15320000.0,15326525.0
2025-06-20T14:43:57,15326192.0,15320000.0,15326525.0
2025-06-20T14:43:58.123,15326182.0,15320000.0,15326525.0
2025-06-20T14:44:00.643,15326150.0,15320000.0,15326151.0
2025-06-20T14:44:02.58,15326276.0,15320004.0,15326151.0
2025-06-20T14:44:04.707,15321521.0,15320000.0,15326151.0
2025-06-20T14:44:07.013,15320400.0,15311037.0,15315000.0
2025-06-20T14:44:08.723,15320297.0,15310133.0,15315000.0
2025-06-20T14:44:11.253,15319716.0,15310300.0,15315000.0
2025-06-20T14:44:12.38,15319717.0,15310316.0,15315000.0
2025-06-20T14:44:14.147,15319717.0,15310319.0,15315000.0
2025-06-20T14:44:15.917,15319597.0,15310301.0,15315000.0
2025-06-20T14:44:19.09,15319595.0,15310304.0,15315000.0
2025-06-20T14:44:20.7,15320741.0,15310321.0,15315000.0
2025-06-20T14:44:23.19,15320338.0,15310342.0,15315000.0
2025-06-20T14:44:25.02,15319700.0,15310339.0,15315000.0
2025-06-20T14:44:26.767,15319696.0,15310316.0,15315000.0
2025-06-20T14:44:28.973,15319685.0,15310318.0,15315000.0
2025-06-20T14:44:30.993,15319592.0,15310300.0,15315000.0
2025-06-20T14:44:33.36,15314999.0,15305725.0,15305725.0
2025-06-20T14:44:34.5,15314991.0,15305834.0,15305725.0
2025-06-20T14:44:36.207,15309621.0,15304772.0,15305800.0
2025-06-20T14:44:38.903,15309486.0,15304711.0,15305800.0
2025-06-20T14:44:40.387,15309478.0,15304711.0,15305800.0
2025-06-20T14:44:42.61,15309474.0,15304711.0,15305800.0
2025-06-20T14:44:44.46,15309466.0,15301647.0,15304703.0
2025-06-20T14:44:46.67,15300848.0,15300000.0,15300848.0
2025-06-20T14:44:49.123,15307224.0,15300000.0,15300000.0
2025-06-20T14:44:50.637,15307226.0,15300001.0,15300000.0
2025-06-20T14:44:52.82,15313207.0,15301670.0,15307223.0
2025-06-20T14:44:54.897,15313206.0,15301837.0,15307223.0
2025-06-20T14:44:56.303,15313206.0,15303004.0,15307223.0
2025-06-20T14:44:58.537,15313206.0,15303024.0,15307223.0
2025-06-20T14:45:00.97,15309852.0,15303001.0,15307223.0
2025-06-20T14:45:02.817,15305949.0,15300000.0,15300000.0
2025-06-20T14:45:04.857,15305935.0,15300000.0,15300000.0
2025-06-20T14:45:06.357,15305941.0,15300000.0,15300000.0
2025-06-20T14:45:09.15,15305942.0,15300716.0,15300000.0
2025-06-20T14:45:10.18,15308781.0,15300700.0,15300000.0
2025-06-20T14:45:13.203,15308414.0,15300703.0,15308782.0
2025-06-20T14:45:15.043,15308415.0,15300707.0,15308412.0
2025-06-20T14:45:16.93,15308410.0,15300709.0,15308412.0
2025-06-20T14:45:20.157,15312809.0,15309528.0,15309523.0
2025-06-20T14:45:20.157,15312809.0,15309528.0,15309523.0
2025-06-20T14:45:23.26,15310137.0,15302900.0,15309523.0
2025-06-20T14:45:25.757,15310136.0,15302901.0,15309523.0
2025-06-20T14:45:27.977,15310136.0,15302900.0,15309523.0
2025-06-20T14:45:29.913,15310136.0,15302900.0,15309523.0
2025-06-20T14:45:31.003,15310139.0,15302900.0,15309523.0
2025-06-20T14:45:33.92,15310136.0,15302900.0,15309523.0
2025-06-20T14:45:35.38,15309597.0,15302900.0,15309523.0
2025-06-20T14:45:37.57,15309584.0,15302900.0,15309523.0
2025-06-20T14:45:39.203,15308397.0,15300200.0,15309523.0
2025-06-20T14:45:41.2,15304799.0,15300000.0,15304800.0
2025-06-20T14:45:43.74,15302921.0,15300000.0,15304800.0
2025-06-20T14:45:45.79,15302921.0,15300000.0,15304800.0
2025-06-20T14:45:47.94,15303928.0,15300000.0,15304800.0
2025-06-20T14:45:49.957,15304375.0,15300000.0,15304800.0
2025-06-20T14:45:50.877,15304378.0,15300003.0,15304375.0
2025-06-20T14:45:53.027,15303699.0,15300000.0,15300000.0
2025-06-20T14:45:55.227,15301591.0,15295200.0,15300000.0
2025-06-20T14:45:57.11,15301595.0,15295200.0,15300000.0
2025-06-20T14:45:59.353,15301600.0,15295200.0,15300000.0
2025-06-20T14:46:01.303,15303719.0,15295201.0,15300000.0
2025-06-20T14:46:03.743,15302894.0,15295200.0,15300000.0
2025-06-20T14:46:05.36,15302893.0,15295200.0,15300000.0
2025-06-20T14:46:08.01,15302896.0,15295200.0,15300000.0
2025-06-20T14:46:09.583,15302893.0,15295200.0,15300000.0
2025-06-20T14:46:11.78,15306025.0,15295324.0,15303490.0
2025-06-20T14:46:13.183,15306690.0,15295701.0,15303490.0
2025-06-20T14:46:15.773,15307199.0,15295735.0,15303490.0
2025-06-20T14:46:17.943,15308846.0,15295789.0,15303490.0
2025-06-20T14:46:19.967,15308771.0,15295974.0,15308764.0
2025-06-20T14:46:20.953,15308771.0,15296067.0,15308764.0
2025-06-20T14:46:23.693,15308770.0,15296232.0,15308764.0
2025-06-20T14:46:25.653,15308846.0,15308764.0,15308764.0
2025-06-20T14:46:27.627,15313592.0,15308764.0,15308767.0
2025-06-20T14:46:29.643,15313592.0,15308764.0,15308767.0
2025-06-20T14:46:31.8,15313334.0,15308764.0,15308767.0
2025-06-20T14:46:33.647,15311187.0,15308764.0,15308767.0
2025-06-20T14:46:35.003,15311186.0,15308764.0,15308767.0
2025-06-20T14:46:37.177,15309752.0,15308764.0,15308767.0
2025-06-20T14:46:39.22,15309752.0,15308764.0,15308767.0
2025-06-20T14:46:41.87,15312267.0,15308764.0,15308767.0
2025-06-20T14:46:43.977,15312264.0,15308764.0,15308767.0
2025-06-20T14:46:45.583,15312255.0,15307301.0,15308767.0
2025-06-20T14:46:47.757,15315974.0,15308501.0,15308767.0
2025-06-20T14:46:48.987,15315727.0,15308800.0,15308767.0
2025-06-20T14:46:51.543,15311076.0,15308041.0,15308800.0
2025-06-20T14:46:53.643,15311076.0,15308041.0,15308800.0
2025-06-20T14:46:55.917,15315974.0,15309134.0,15311073.0
2025-06-20T14:46:57.4,15315974.0,15310203.0,15311073.0
2025-06-20T14:46:59.66,15314831.0,15310203.0,15311073.0
2025-06-20T14:47:02.003,15314831.0,15310203.0,15311073.0
2025-06-20T14:47:04.147,15312402.0,15311073.0,15312402.0
2025-06-20T14:47:05.54,15315974.0,15311073.0,15312402.0
2025-06-20T14:47:07.597,15314476.0,15311603.0,15312402.0
2025-06-20T14:47:09.53,15314476.0,15311800.0,15312402.0
2025-06-20T14:47:12.047,15314476.0,15311076.0,15312402.0
2025-06-20T14:47:13.27,15314476.0,15311076.0,15312402.0
2025-06-20T14:47:15.837,15314476.0,15311076.0,15312402.0
2025-06-20T14:47:17.433,15314476.0,15311076.0,15312402.0
2025-06-20T14:47:19.567,15314432.0,15311076.0,15312402.0
2025-06-20T14:47:21.07,15314432.0,15311076.0,15312402.0
2025-06-20T14:47:23.177,15315904.0,15311076.0,15312402.0
2025-06-20T14:47:25.287,15315904.0,15312405.0,15312402.0
2025-06-20T14:47:28.137,15312402.0,15311073.0,15312402.0
2025-06-20T14:47:29.263,15312402.0,15311073.0,15312402.0
2025-06-20T14:47:32.007,15310560.0,15308041.0,15310000.0
2025-06-20T14:47:34.137,15310100.0,15308041.0,15310000.0
2025-06-20T14:47:35.217,15309203.0,15308041.0,15310000.0
2025-06-20T14:47:37.097,15309203.0,15308041.0,15309203.0
2025-06-20T14:47:39.13,15309203.0,15308041.0,15309203.0
2025-06-20T14:47:42.203,15309203.0,15308041.0,15309203.0
2025-06-20T14:47:43.693,15309203.0,15308041.0,15309203.0
2025-06-20T14:47:45.343,15310560.0,15308041.0,15309203.0
2025-06-20T14:47:48.017,15307276.0,15302500.0,15308041.0
2025-06-20T14:47:49.493,15307279.0,15301326.0,15307276.0
2025-06-20T14:47:51.207,15309822.0,15301603.0,15307276.0
2025-06-20T14:47:53.03,15309600.0,15303303.0,15307276.0
2025-06-20T14:47:56.007,15309600.0,15303325.0,15307276.0
2025-06-20T14:47:57.51,15309600.0,15303340.0,15307276.0
2025-06-20T14:47:59.67,15309600.0,15301326.0,15307276.0
2025-06-20T14:48:01.78,15309596.0,15301703.0,15307276.0
2025-06-20T14:48:03.707,15307710.0,15302400.0,15307276.0
2025-06-20T14:48:05.43,15310383.0,15302837.0,15307276.0
2025-06-20T14:48:07.787,15312900.0,15303539.0,15307276.0
2025-06-20T14:48:09.52,15308682.0,15301700.0,15307276.0
2025-06-20T14:48:11.673,15308300.0,15301722.0,15307276.0
2025-06-20T14:48:13.887,15308682.0,15301719.0,15307276.0
2025-06-20T14:48:15.853,15308452.0,15301719.0,15307276.0
2025-06-20T14:48:18.037,15308452.0,15301716.0,15301716.0
2025-06-20T14:48:19.407,15311814.0,15302400.0,15301716.0
2025-06-20T14:48:21.567,15311814.0,15303400.0,15301716.0
2025-06-20T14:48:23.49,15313001.0,15303810.0,15303400.0
2025-06-20T14:48:25.67,15313816.0,15303851.0,15303400.0
2025-06-20T14:48:28.017,15316289.0,15304234.0,15303854.0
2025-06-20T14:48:30.097,15313500.0,15304270.0,15303854.0
2025-06-20T14:48:31.03,15313497.0,15304401.0,15303854.0
2025-06-20T14:48:33.883,15315739.0,15305701.0,15303854.0
2025-06-20T14:48:35.98,15313500.0,15305718.0,15305718.0
2025-06-20T14:48:37.847,15312857.0,15305700.0,15305718.0
2025-06-20T14:48:38.997,15310478.0,15304100.0,15305718.0
2025-06-20T14:48:42.183,15310397.0,15304100.0,15305718.0
2025-06-20T14:48:43.587,15312294.0,15304700.0,15305718.0
2025-06-20T14:48:45.277,15311897.0,15305500.0,15305718.0
2025-06-20T14:48:47.42,15312651.0,15305600.0,15305718.0
2025-06-20T14:48:49.45,15312640.0,15305600.0,15305718.0
2025-06-20T14:48:51.97,15307605.0,15303300.0,15305718.0
2025-06-20T14:48:53.703,15307605.0,15303300.0,15305718.0
2025-06-20T14:48:55.93,15307602.0,15303300.0,15305718.0
2025-06-20T14:48:57.86,15307602.0,15302434.0,15305718.0
2025-06-20T14:48:59.303,15307602.0,15302734.0,15305718.0
2025-06-20T14:49:01.397,15309300.0,15302700.0,15305718.0
2025-06-20T14:49:03.037,15309290.0,15300100.0,15305718.0
2025-06-20T14:49:05.54,15307897.0,15300134.0,15305718.0
2025-06-20T14:49:08.237,15307893.0,15300134.0,15305718.0
2025-06-20T14:49:09.16,15307893.0,15300134.0,15305718.0
2025-06-20T14:49:11.75,15306033.0,15300000.0,15305718.0
2025-06-20T14:49:13.893,15304960.0,15303716.0,15305718.0
2025-06-20T14:49:15.187,15304960.0,15300000.0,15303716.0
2025-06-20T14:49:18.007,15302800.0,15296200.0,15300000.0
2025-06-20T14:49:19.04,15302797.0,15296200.0,15300000.0
2025-06-20T14:49:20.983,15299900.0,15295200.0,15299970.0
2025-06-20T14:49:23,15293769.0,15290000.0,15290000.0
2025-06-20T14:49:25.01,15291763.0,15284900.0,15283435.0
2025-06-20T14:49:27.527,15291304.0,15284200.0,15282601.0
2025-06-20T14:49:29.377,15292590.0,15284800.0,15282601.0
2025-06-20T14:49:31.287,15293441.0,15284218.0,15294590.0
2025-06-20T14:49:33.407,15293396.0,15284201.0,15284201.0
2025-06-20T14:49:35.56,15293441.0,15284201.0,15284201.0
2025-06-20T14:49:38.117,15293400.0,15284201.0,15284201.0
2025-06-20T14:49:39.777,15293389.0,15286596.0,15284201.0
2025-06-20T14:49:41.867,15287997.0,15286596.0,15284201.0
2025-06-20T14:49:43.34,15287997.0,15286596.0,15284201.0
2025-06-20T14:49:45.693,15287997.0,15283536.0,15286596.0
2025-06-20T14:49:47.507,15287997.0,15283536.0,15286596.0
2025-06-20T14:49:48.987,15287877.0,15280476.0,15283536.0
2025-06-20T14:49:51.387,15285527.0,15280000.0,15287196.0
2025-06-20T14:49:53.453,15283015.0,15280001.0,15280001.0
2025-06-20T14:49:55.173,15283017.0,15280001.0,15280001.0
2025-06-20T14:49:57.657,15286442.0,15280005.0,15285769.0
2025-06-20T14:50:00.23,15280002.0,15275200.0,15280008.0
2025-06-20T14:50:01.93,15280008.0,15275200.0,15280008.0
2025-06-20T14:50:03.197,15279995.0,15275200.0,15279995.0
2025-06-20T14:50:05.093,15278848.0,15275200.0,15279992.0
2025-06-20T14:50:07.173,15278832.0,15275200.0,15279992.0
2025-06-20T14:50:09.113,15270841.0,15258124.0,15259056.0
2025-06-20T14:50:11.24,15265171.0,15258382.0,15255688.0
2025-06-20T14:50:13.36,15270832.0,15250200.0,15265940.0
2025-06-20T14:50:15.443,15265141.0,15250201.0,15265141.0
2025-06-20T14:50:17.483,15264158.0,15260859.0,15265141.0
2025-06-20T14:50:19.553,15260982.0,15255111.0,15260840.0
2025-06-20T14:50:21.64,15260936.0,15250300.0,15250300.0
2025-06-20T14:50:23.74,15260765.0,15253106.0,15250100.0
2025-06-20T14:50:25.05,15259488.0,15250100.0,15250100.0
2025-06-20T14:50:27.657,15259281.0,15251000.0,15250100.0
2025-06-20T14:50:29.707,15259239.0,15251000.0,15251000.0
2025-06-20T14:50:30.887,15259222.0,15251003.0,15251000.0
2025-06-20T14:50:33.9,15258761.0,15251003.0,15251000.0
2025-06-20T14:50:35.49,15258728.0,15250100.0,15257708.0
2025-06-20T14:50:37.5,15257700.0,15250500.0,15250100.0
2025-06-20T14:50:39.583,15257682.0,15250800.0,15250100.0
2025-06-20T14:50:41.487,15257298.0,15250201.0,15250100.0
2025-06-20T14:50:43.823,15256784.0,15250201.0,15250201.0
2025-06-20T14:50:45.963,15256779.0,15250201.0,15250201.0
2025-06-20T14:50:47.697,15250201.0,15250100.0,15250201.0
2025-06-20T14:50:49.21,15255579.0,15250102.0,15250201.0
2025-06-20T14:50:51.21,15255577.0,15250605.0,15255656.0
2025-06-20T14:50:53.193,15255576.0,15250603.0,15255576.0
2025-06-20T14:50:55.913,15255540.0,15250100.0,15255576.0
2025-06-20T14:50:57.933,15255504.0,15250103.0,15250100.0
2025-06-20T14:50:59.977,15254863.0,15250100.0,15250000.0
2025-06-20T14:51:02.33,15245976.0,15245200.0,15246000.0
2025-06-20T14:51:04.107,15245141.0,15238237.0,15240000.0
2025-06-20T14:51:06.657,15245678.0,15245198.0,15245198.0
2025-06-20T14:51:08.91,15245200.0,15238800.0,15245200.0
2025-06-20T14:51:09.913,15245198.0,15238604.0,15245200.0
2025-06-20T14:51:12.003,15243200.0,15235200.0,15237407.0
2025-06-20T14:51:13.937,15242864.0,15240001.0,15237407.0
2025-06-20T14:51:15.43,15242798.0,15238476.0,15240001.0
2025-06-20T14:51:18.897,15236565.0,15234160.0,15234160.0
2025-06-20T14:51:20.36,15236064.0,15234160.0,15234160.0
2025-06-20T14:51:22.633,15238074.0,15233901.0,15234158.0
2025-06-20T14:51:24.597,15238072.0,15236951.0,15234158.0
2025-06-20T14:51:26.933,15238070.0,15236951.0,15234158.0
2025-06-20T14:51:28.8,15238070.0,15233901.0,15236951.0
2025-06-20T14:51:29.353,15238070.0,15233901.0,15236951.0
2025-06-20T14:51:31.933,15238070.0,15233901.0,15236951.0
2025-06-20T14:51:34.017,15238069.0,15232903.0,15233901.0
2025-06-20T14:51:36.64,15237164.0,15232444.0,15233901.0
2025-06-20T14:51:38.3,15233901.0,15232444.0,15233901.0
2025-06-20T14:51:40.077,15233897.0,15232444.0,15233901.0
2025-06-20T14:51:42.943,15233899.0,15232444.0,15233899.0
2025-06-20T14:51:44.307,15239357.0,15232500.0,15233901.0
2025-06-20T14:51:46.973,15239321.0,15232503.0,15233901.0
2025-06-20T14:51:47.933,15238800.0,15232503.0,15233901.0
2025-06-20T14:51:50.17,15238763.0,15232444.0,15233901.0
2025-06-20T14:51:52.967,15236980.0,15232444.0,15233901.0
2025-06-20T14:51:54.193,15236995.0,15228603.0,15228600.0
2025-06-20T14:51:56.107,15240000.0,15228061.0,15237873.0
2025-06-20T14:51:59.083,15244998.0,15228169.0,15242525.0
2025-06-20T14:52:01.09,15237308.0,15230004.0,15230004.0
2025-06-20T14:52:02.217,15237303.0,15227447.0,15230004.0
2025-06-20T14:52:04.707,15240798.0,15234300.0,15240800.0
2025-06-20T14:52:07.233,15240531.0,15227867.0,15233901.0
2025-06-20T14:52:08.35,15240297.0,15227883.0,15240969.0
2025-06-20T14:52:10.543,15240162.0,15228001.0,15240297.0
2025-06-20T14:52:12.837,15239200.0,15228404.0,15240297.0
2025-06-20T14:52:14.553,15239064.0,15229200.0,15239100.0
2025-06-20T14:52:16.607,15237583.0,15228401.0,15239100.0
2025-06-20T14:52:19.233,15237563.0,15228409.0,15237565.0
2025-06-20T14:52:20.587,15237526.0,15228404.0,15237565.0
2025-06-20T14:52:22.457,15236775.0,15230315.0,15236777.0
2025-06-20T14:52:24.57,15236464.0,15230318.0,15236777.0
2025-06-20T14:52:26.437,15236379.0,15230327.0,15236777.0
2025-06-20T14:52:28.533,15236376.0,15231103.0,15236377.0
2025-06-20T14:52:30.097,15236376.0,15231106.0,15236376.0
2025-06-20T14:52:32.827,15234852.0,15231101.0,15231121.0
2025-06-20T14:52:34.83,15234849.0,15230315.0,15230315.0
2025-06-20T14:52:37.283,15233695.0,15231233.0,15230315.0
2025-06-20T14:52:38.997,15233691.0,15230315.0,15231233.0
2025-06-20T14:52:40.227,15233689.0,15228716.0,15227200.0
2025-06-20T14:52:41.957,15233692.0,15229101.0,15227200.0
2025-06-20T14:52:44.683,15239972.0,15232100.0,15234849.0
2025-06-20T14:52:46.18,15239779.0,15232109.0,15234849.0
2025-06-20T14:52:48.643,15238000.0,15231603.0,15234849.0
2025-06-20T14:52:51.11,15237738.0,15228603.0,15234849.0
2025-06-20T14:52:52.967,15236969.0,15228603.0,15234849.0
2025-06-20T14:52:54.677,15236949.0,15228606.0,15234849.0
2025-06-20T14:52:56.733,15236918.0,15228803.0,15234849.0
2025-06-20T14:52:59.063,15233337.0,15228343.0,15228800.0
2025-06-20T14:53:00.693,15233332.0,15228803.0,15228800.0
2025-06-20T14:53:02.083,15232197.0,15227200.0,15228346.0
2025-06-20T14:53:04.193,15232000.0,15227200.0,15228346.0
2025-06-20T14:53:07.183,15229998.0,15227200.0,15229998.0
2025-06-20T14:53:08.81,15229998.0,15227200.0,15229998.0
2025-06-20T14:53:10.88,15229998.0,15228346.0,15228800.0
2025-06-20T14:53:12.447,15229533.0,15223836.0,15225200.0
2025-06-20T14:53:14.32,15221587.0,15219264.0,15220000.0
2025-06-20T14:53:16.527,15222218.0,15220000.0,15219000.0
2025-06-20T14:53:18.537,15222221.0,15220000.0,15219000.0
2025-06-20T14:53:20.653,15222219.0,15220000.0,15220000.0
2025-06-20T14:53:22.91,15222219.0,15220000.0,15220000.0
2025-06-20T14:53:25.04,15222219.0,15220000.0,15220000.0
2025-06-20T14:53:26.527,15219998.0,15219000.0,15219000.0
2025-06-20T14:53:28.11,15222221.0,15215450.0,15215592.0
2025-06-20T14:53:30.103,15218224.0,15215201.0,15215450.0
2025-06-20T14:53:32.39,15222221.0,15215201.0,15218225.0
2025-06-20T14:53:34.617,15220698.0,15215207.0,15218225.0
2025-06-20T14:53:36.55,15220698.0,15215200.0,15218225.0
2025-06-20T14:53:39.067,15222219.0,15217300.0,15222219.0
2025-06-20T14:53:40.197,15222219.0,15217338.0,15222219.0
2025-06-20T14:53:42.233,15222221.0,15217349.0,15222219.0
2025-06-20T14:53:44.147,15227382.0,15220603.0,15231208.0
2025-06-20T14:53:46.107,15234009.0,15220919.0,15231208.0
2025-06-20T14:53:48.223,15232260.0,15222137.0,15231000.0
2025-06-20T14:53:51.17,15230097.0,15220900.0,15230100.0
2025-06-20T14:53:53.04,15230066.0,15220900.0,15230100.0
2025-06-20T14:53:54.34,15230000.0,15220901.0,15230042.0
2025-06-20T14:53:56.443,15228866.0,15221957.0,15230028.0
2025-06-20T14:53:58.57,15228621.0,15222603.0,15222403.0
2025-06-20T14:54:00.6,15228100.0,15220000.0,15220966.0
2025-06-20T14:54:02.723,15224432.0,15213700.0,15213700.0
2025-06-20T14:54:04.497,15221749.0,15213700.0,15213700.0
2025-06-20T14:54:06.513,15219900.0,15212000.0,15213700.0
2025-06-20T14:54:08.747,15219892.0,15212001.0,15213700.0
2025-06-20T14:54:10.827,15219892.0,15212200.0,15213700.0
2025-06-20T14:54:12.913,15219892.0,15212216.0,15213700.0
2025-06-20T14:54:13.96,15219892.0,15212216.0,15219892.0
2025-06-20T14:54:17.143,15219895.0,15214720.0,15219895.0
2025-06-20T14:54:18.29,15219895.0,15214728.0,15219895.0
2025-06-20T14:54:20.17,15219892.0,15214326.0,15219895.0
2025-06-20T14:54:22.593,15223300.0,15215634.0,15219892.0
2025-06-20T14:54:24.733,15223297.0,15215645.0,15219892.0
2025-06-20T14:54:26.49,15222400.0,15212200.0,15219892.0
2025-06-20T14:54:28.567,15215596.0,15210200.0,15212706.0
2025-06-20T14:54:30.533,15215096.0,15210001.0,15210001.0
2025-06-20T14:54:32.643,15215080.0,15210300.0,15210001.0
2025-06-20T14:54:34.973,15215077.0,15210403.0,15215077.0
2025-06-20T14:54:36.843,15215077.0,15210405.0,15215077.0
2025-06-20T14:54:38.12,15215080.0,15210408.0,15215077.0
2025-06-20T14:54:40.83,15220300.0,15211010.0,15215080.0
2025-06-20T14:54:43.157,15216000.0,15211016.0,15215080.0
2025-06-20T14:54:44.1,15215998.0,15210001.0,15215080.0
2025-06-20T14:54:47.28,15210298.0,15208044.0,15210300.0
2025-06-20T14:54:49.393,15210298.0,15208044.0,15210300.0
2025-06-20T14:54:50.403,15210298.0,15208044.0,15210300.0
2025-06-20T14:54:52.377,15210291.0,15207172.0,15206900.0
2025-06-20T14:54:53.497,15210290.0,15206901.0,15206900.0
2025-06-20T14:54:56.69,15209995.0,15205632.0,15206900.0
2025-06-20T14:54:58.633,15209983.0,15205632.0,15206900.0
2025-06-20T14:55:00.71,15209969.0,15205632.0,15206900.0
2025-06-20T14:55:02.883,15209765.0,15205200.0,15206900.0
2025-06-20T14:55:03.973,15209765.0,15204160.0,15204160.0
2025-06-20T14:55:06.213,15201000.0,15200000.0,15200000.0
2025-06-20T14:55:08.133,15200695.0,15195200.0,15197528.0
2025-06-20T14:55:11.15,15197528.0,15192000.0,15197528.0
2025-06-20T14:55:13.553,15200400.0,15195601.0,15195604.0
2025-06-20T14:55:14.333,15200397.0,15195601.0,15195604.0
2025-06-20T14:55:16.51,15199498.0,15190434.0,15195200.0
2025-06-20T14:55:19.433,15199495.0,15195201.0,15195200.0
2025-06-20T14:55:20.433,15199495.0,15195801.0,15199495.0
2025-06-20T14:55:22.71,15199495.0,15196104.0,15199495.0
2025-06-20T14:55:24.743,15199498.0,15199495.0,15199495.0
2025-06-20T14:55:26.793,15199498.0,15195200.0,15199495.0
2025-06-20T14:55:28.91,15199497.0,15188745.0,15180000.0
2025-06-20T14:55:30.677,15199291.0,15190100.0,15180000.0
2025-06-20T14:55:33.063,15199244.0,15190701.0,15190135.0
2025-06-20T14:55:34.433,15198598.0,15187110.0,15190135.0
2025-06-20T14:55:37.17,15198543.0,15187127.0,15190135.0
2025-06-20T14:55:38.17,15198537.0,15190136.0,15190135.0
2025-06-20T14:55:40.617,15204943.0,15200000.0,15205822.0
2025-06-20T14:55:42.903,15204943.0,15200216.0,15204943.0
2025-06-20T14:55:44.69,15209556.0,15200317.0,15205822.0
2025-06-20T14:55:46.63,15207719.0,15200316.0,15200300.0
2025-06-20T14:55:48.627,15211106.0,15200737.0,15207098.0
2025-06-20T14:55:51.037,15208307.0,15200400.0,15207098.0
2025-06-20T14:55:52.01,15207898.0,15201100.0,15207098.0
2025-06-20T14:55:54.947,15207897.0,15201503.0,15207098.0
2025-06-20T14:55:57.133,15210576.0,15201517.0,15207900.0
2025-06-20T14:55:59.047,15209200.0,15202801.0,15207900.0
2025-06-20T14:56:00.053,15208207.0,15202800.0,15207900.0
2025-06-20T14:56:02.193,15206034.0,15200003.0,15207900.0
2025-06-20T14:56:04.447,15203858.0,15200003.0,15203500.0
2025-06-20T14:56:06.897,15209872.0,15200016.0,15209872.0
2025-06-20T14:56:09.537,15209398.0,15203903.0,15209872.0
2025-06-20T14:56:10.6,15209398.0,15202380.0,15209872.0
2025-06-20T14:56:11.99,15208898.0,15202387.0,15209872.0
2025-06-20T14:56:14.597,15214344.0,15205000.0,15208898.0
2025-06-20T14:56:17.203,15214200.0,15205007.0,15208898.0
2025-06-20T14:56:18.317,15214198.0,15205011.0,15208898.0
2025-06-20T14:56:21.45,15212999.0,15205000.0,15208898.0
2025-06-20T14:56:23.673,15210199.0,15205000.0,15208898.0
2025-06-20T14:56:24.117,15210197.0,15205061.0,15208898.0
2025-06-20T14:56:26.02,15210144.0,15200000.0,15200000.0
2025-06-20T14:56:29.217,15204798.0,15200001.0,15200000.0
2025-06-20T14:56:30.76,15205000.0,15200200.0,15200000.0
2025-06-20T14:56:32.82,15212900.0,15200217.0,15204787.0
2025-06-20T14:56:34.947,15212898.0,15205000.0,15204787.0
2025-06-20T14:56:36.05,15215200.0,15205003.0,15204787.0
2025-06-20T14:56:38.643,15218481.0,15208680.0,15204787.0
2025-06-20T14:56:41.01,15217799.0,15205800.0,15208680.0
2025-06-20T14:56:43.107,15214965.0,15208700.0,15208680.0
2025-06-20T14:56:44.947,15210447.0,15204223.0,15208703.0
2025-06-20T14:56:46.8,15208436.0,15200000.0,15204223.0
2025-06-20T14:56:49.163,15204278.0,15200000.0,15200000.0
2025-06-20T14:56:50.943,15204263.0,15198541.0,15200000.0
2025-06-20T14:56:52.66,15202577.0,15192902.0,15195944.0
2025-06-20T14:56:54.64,15199166.0,15192902.0,15195944.0
2025-06-20T14:56:56.38,15198700.0,15192903.0,15190700.0
2025-06-20T14:56:58.78,15197796.0,15190135.0,15192929.0
2025-06-20T14:57:00.91,15197000.0,15190221.0,15192929.0
2025-06-20T14:57:02.89,15189971.0,15186818.0,15189860.0
2025-06-20T14:57:03.95,15191467.0,15183776.0,15186818.0
2025-06-20T14:57:07.113,15196596.0,15190005.0,15189998.0
2025-06-20T14:57:08.92,15197862.0,15190002.0,15189999.0
2025-06-20T14:57:11.103,15198900.0,15191000.0,15189999.0
2025-06-20T14:57:13.033,15198998.0,15191900.0,15191004.0
2025-06-20T14:57:14.677,15198197.0,15192104.0,15191004.0
2025-06-20T14:57:17.183,15197198.0,15192105.0,15192105.0
2025-06-20T14:57:18.833,15196765.0,15189999.0,15192105.0
2025-06-20T14:57:20.71,15196758.0,15186819.0,15186818.0
2025-06-20T14:57:22.59,15195096.0,15187300.0,15187200.0
2025-06-20T14:57:24.567,15198888.0,15190701.0,15195093.0
2025-06-20T14:57:26.707,15197700.0,15191903.0,15195093.0
2025-06-20T14:57:29.187,15197099.0,15191912.0,15195093.0
2025-06-20T14:57:31.02,15198400.0,15191938.0,15195093.0
2025-06-20T14:57:33.02,15198196.0,15191946.0,15195093.0
2025-06-20T14:57:34.207,15198888.0,15192000.0,15195093.0
2025-06-20T14:57:36.003,15198496.0,15192203.0,15195093.0
2025-06-20T14:57:38.407,15198398.0,15192224.0,15195093.0
2025-06-20T14:57:40.493,15205146.0,15200608.0,15198888.0
2025-06-20T14:57:43.607,15207476.0,15200608.0,15201391.0
2025-06-20T14:57:44.703,15206750.0,15192229.0,15200608.0
2025-06-20T14:57:47.87,15206162.0,15193920.0,15200616.0
2025-06-20T14:57:49.757,15199275.0,15189006.0,15200616.0
2025-06-20T14:57:51.54,15198697.0,15189400.0,15200616.0
2025-06-20T14:57:53.553,15198697.0,15198694.0,15198688.0
2025-06-20T14:57:55.853,15198384.0,15190385.0,15195006.0
2025-06-20T14:57:57.057,15198381.0,15189097.0,15195006.0
2025-06-20T14:57:59.05,15196766.0,15189097.0,15195006.0
2025-06-20T14:58:01.29,15196800.0,15189623.0,15195006.0
2025-06-20T14:58:03.303,15196751.0,15189624.0,15195006.0
2025-06-20T14:58:05.52,15196794.0,15190304.0,15195006.0
2025-06-20T14:58:07.463,15201100.0,15190320.0,15195006.0
2025-06-20T14:58:09.46,15196779.0,15190353.0,15196782.0
2025-06-20T14:58:11.717,15204800.0,15192700.0,15192248.0
2025-06-20T14:58:13.907,15202300.0,15192717.0,15192248.0
2025-06-20T14:58:15.763,15202100.0,15193100.0,15193091.0
2025-06-20T14:58:17.78,15202094.0,15194426.0,15193091.0
2025-06-20T14:58:19.89,15207633.0,15203281.0,15207633.0
2025-06-20T14:58:21.053,15207633.0,15203284.0,15207633.0
2025-06-20T14:58:23.893,15210500.0,15203285.0,15210665.0
2025-06-20T14:58:25.813,15204202.0,15194740.0,15201646.0
2025-06-20T14:58:27.227,15203996.0,15194902.0,15201646.0
2025-06-20T14:58:29.277,15203977.0,15194925.0,15201646.0
2025-06-20T14:58:31.42,15203300.0,15197300.0,15201646.0
2025-06-20T14:58:33.137,15210000.0,15199400.0,15211504.0
2025-06-20T14:58:35.363,15209197.0,15200504.0,15211504.0
2025-06-20T14:58:37.467,15209193.0,15200504.0,15209195.0
2025-06-20T14:58:39.497,15211142.0,15201644.0,15209195.0
2025-06-20T14:58:41.79,15210997.0,15201800.0,15201800.0
2025-06-20T14:58:43.763,15210977.0,15201802.0,15201800.0
2025-06-20T14:58:45.683,15210414.0,15200002.0,15201800.0
2025-06-20T14:58:47.7,15206798.0,15200002.0,15201800.0
2025-06-20T14:58:49.76,15205793.0,15192248.0,15200000.0
2025-06-20T14:58:51.737,15198200.0,15192248.0,15200000.0
2025-06-20T14:58:53.177,15197199.0,15191422.0,15192248.0
2025-06-20T14:58:55.253,15196200.0,15190000.0,15191422.0
2025-06-20T14:58:57.233,15194897.0,15190000.0,15191422.0
2025-06-20T14:58:59.937,15195898.0,15190251.0,15191422.0
2025-06-20T14:59:01.483,15194883.0,15190255.0,15198600.0
2025-06-20T14:59:03.987,15194874.0,15190000.0,15194878.0
2025-06-20T14:59:05.893,15197699.0,15190000.0,15196841.0
2025-06-20T14:59:07.037,15194600.0,15190000.0,15196841.0
2025-06-20T14:59:09.107,15194595.0,15190000.0,15194600.0
2025-06-20T14:59:11.11,15194576.0,15190000.0,15194600.0
2025-06-20T14:59:13.363,15185000.0,15180524.0,15181823.0
2025-06-20T14:59:15.387,15179855.0,15175741.0,15176729.0
2025-06-20T14:59:17.29,15179298.0,15172700.0,15175000.0
2025-06-20T14:59:19.33,15180284.0,15176729.0,15170200.0
2025-06-20T14:59:21.633,15188012.0,15183864.0,15183864.0
2025-06-20T14:59:23.633,15191190.0,15184502.0,15183864.0
2025-06-20T14:59:25.837,15191171.0,15184543.0,15184541.0
2025-06-20T14:59:27.707,15191171.0,15184903.0,15184541.0
2025-06-20T14:59:29.743,15198527.0,15188318.0,15199244.0
2025-06-20T14:59:31.867,15196646.0,15189001.0,15199244.0
2025-06-20T14:59:33.897,15196646.0,15190300.0,15199244.0
2025-06-20T14:59:36.087,15196598.0,15190406.0,15196646.0
2025-06-20T14:59:37.537,15196598.0,15190411.0,15196646.0
2025-06-20T14:59:39.397,15196598.0,15190418.0,15196598.0
2025-06-20T14:59:41.33,15195666.0,15190427.0,15196598.0
2025-06-20T14:59:43.36,15194700.0,15190433.0,15196598.0
2025-06-20T14:59:45.667,15192698.0,15190442.0,15196598.0
2025-06-20T14:59:47.833,15192682.0,15190000.0,15196598.0
2025-06-20T14:59:49.213,15192681.0,15190000.0,15190000.0
2025-06-20T14:59:51.837,15191800.0,15190000.0,15190000.0
2025-06-20T14:59:53.927,15191762.0,15185607.0,15190000.0
2025-06-20T14:59:55.257,15191725.0,15185610.0,15190000.0
2025-06-20T14:59:57.75,15190327.0,15183864.0,15185616.0
2025-06-20T14:59:59.25,15190100.0,15183864.0,15185616.0
2025-06-20T15:00:01.177,15190000.0,15183864.0,15185616.0
2025-06-20T15:00:04.237,15190000.0,15183864.0,15190000.0
2025-06-20T15:00:04.99,15189998.0,15183864.0,15190000.0
2025-06-20T15:00:07.433,15191475.0,15184703.0,15184700.0
2025-06-20T15:00:09.5,15191082.0,15185104.0,15184700.0
2025-06-20T15:00:11.227,15191080.0,15185110.0,15191082.0
2025-06-20T15:00:13.637,15190000.0,15185119.0,15191044.0
2025-06-20T15:00:15.723,15184698.0,15180284.0,15184697.0
2025-06-20T15:00:17.21,15184664.0,15175834.0,15176400.0
2025-06-20T15:00:19.18,15183082.0,15175001.0,15176400.0
2025-06-20T15:00:21.98,15182762.0,15175000.0,15176400.0
2025-06-20T15:00:24.027,15181525.0,15176398.0,15175000.0
2025-06-20T15:00:25.383,15179496.0,15175001.0,15176398.0
2025-06-20T15:00:27.61,15179488.0,15175718.0,15176398.0
2025-06-20T15:00:29.467,15183497.0,15175757.0,15176398.0
2025-06-20T15:00:31.927,15189689.0,15183740.0,15185104.0
2025-06-20T15:00:33.467,15190081.0,15183746.0,15185104.0
2025-06-20T15:00:35.55,15190079.0,15188998.0,15190082.0
2025-06-20T15:00:37.2,15190078.0,15184201.0,15188998.0
2025-06-20T15:00:39.287,15189382.0,15182701.0,15188998.0
2025-06-20T15:00:42.24,15189284.0,15179075.0,15188998.0
2025-06-20T15:00:43.243,15188500.0,15179075.0,15188998.0
2025-06-20T15:00:45.24,15188482.0,15177158.0,15188495.0
2025-06-20T15:00:47.733,15183845.0,15175935.0,15183848.0
2025-06-20T15:00:50.333,15183678.0,15175900.0,15183683.0
2025-06-20T15:00:52.217,15183661.0,15175900.0,15183683.0
2025-06-20T15:00:53.703,15183612.0,15175901.0,15183683.0
2025-06-20T15:00:55.21,15183609.0,15175000.0,15183683.0
2025-06-20T15:00:57.203,15186267.0,15183976.0,15183609.0
2025-06-20T15:00:59.62,15191944.0,15183635.0,15191944.0
2025-06-20T15:01:01.267,15190427.0,15183000.0,15183634.0
2025-06-20T15:01:03.94,15188000.0,15180197.0,15183634.0
2025-06-20T15:01:05.273,15187996.0,15180195.0,15183634.0
2025-06-20T15:01:08.07,15190335.0,15180452.0,15180437.0
2025-06-20T15:01:09.067,15190331.0,15180453.0,15180453.0
2025-06-20T15:01:11.067,15189700.0,15180454.0,15180453.0
2025-06-20T15:01:13.967,15189676.0,15180517.0,15180502.0
2025-06-20T15:01:15.873,15189674.0,15180520.0,15180500.0
2025-06-20T15:01:17.967,15189693.0,15180521.0,15180500.0
2025-06-20T15:01:19.497,15195603.0,15181239.0,15195606.0
2025-06-20T15:01:21.273,15192851.0,15184037.0,15195000.0
2025-06-20T15:01:23.767,15192982.0,15191100.0,15191097.0
2025-06-20T15:01:25.313,15197192.0,15191101.0,15192982.0
2025-06-20T15:01:27.2,15197362.0,15191104.0,15192982.0
2025-06-20T15:01:29.38,15198829.0,15189983.0,15192982.0
2025-06-20T15:01:31.063,15199999.0,15190200.0,15192982.0
2025-06-20T15:01:34.083,15199999.0,15190244.0,15192982.0
2025-06-20T15:01:36.297,15196497.0,15190248.0,15192982.0
2025-06-20T15:01:37.967,15196396.0,15188911.0,15192982.0
2025-06-20T15:01:40.09,15196374.0,15190201.0,15192982.0
2025-06-20T15:01:41.513,15196368.0,15190000.0,15192982.0
2025-06-20T15:01:44.157,15196265.0,15190000.0,15190000.0
2025-06-20T15:01:45.333,15195567.0,15190001.0,15190000.0
2025-06-20T15:01:48.34,15195058.0,15190000.0,15190000.0
2025-06-20T15:01:49.507,15195083.0,15190000.0,15195083.0
2025-06-20T15:01:51.563,15193436.0,15190003.0,15190000.0
2025-06-20T15:01:53.613,15192697.0,15184400.0,15181768.0
2025-06-20T15:01:55.723,15184400.0,15181065.0,15184400.0
2025-06-20T15:01:57.96,15184400.0,15180954.0,15184400.0
2025-06-20T15:01:59.933,15190834.0,15181732.0,15188214.0
2025-06-20T15:02:01.717,15190100.0,15184392.0,15190100.0
2025-06-20T15:02:04.2,15196076.0,15185300.0,15190100.0
2025-06-20T15:02:05.97,15196073.0,15186500.0,15190100.0
2025-06-20T15:02:07.13,15196072.0,15186517.0,15190100.0
2025-06-20T15:02:09.087,15196073.0,15188109.0,15196073.0
2025-06-20T15:02:11.177,15198884.0,15188300.0,15196073.0
2025-06-20T15:02:13.467,15196299.0,15188521.0,15196073.0
2025-06-20T15:02:15.157,15195342.0,15188507.0,15196073.0
2025-06-20T15:02:17.753,15194997.0,15188520.0,15194998.0
2025-06-20T15:02:19.837,15194998.0,15188527.0,15194998.0
2025-06-20T15:02:21.327,15194998.0,15188800.0,15194998.0
2025-06-20T15:02:23.86,15195597.0,15188812.0,15194998.0
